2648 4756
183 334 254 406 ςρς
290 269 295 284 ’
458 376 476 407 .
533 328 862 397 nussuararuo
891 329 941 396 aa

182 502 298 568 laeiunt
332 495 520 578 appellativa
553 492 691 574 ejusdem
722 495 888 575 potestatis
915 496 1058 578 κερονῐος
1093 508 1124 564 et
1148 506 1280 583 κσροκᾱς,

181 594 289 681 ἀργίας
308 602 339 660 et
357 588 470 675 ἀργᾶς,
491 593 631 666 ποντίας
650 593 860 674 novitiumque
884 595 1063 670 emm
1105 598 1205 674 Quare
1223 620 1283 667 uo-

181 699 272 764 miuis
287 688 419 766 Ἀκεσᾶς
441 691 553 772 triplex
573 690 624 754 uel
649 690 840 771 quadruplex
869 693 959 771 origo
987 699 1122 776 patescit
1144 692 1285 776 Ἀκεσίας

178 790 329 873 Ἀκέσιος,
346 786 566 871 Ἀκέσανσρσς,
590 784 814 869 Ἀκεσόὸυρος.
862 789 896 853 ld
922 793 1003 856 euim
1032 795 1128 859 aliero
1156 800 1287 879 exempli

182 907 294 972 oausa3
316 889 372 956 sed
394 894 467 953 suut
487 887 580 966 longe
601 886 731 968 plurima
752 903 771 950 a
791 887 1005 954 dissimillimis
1022 909 1098 956 orsa
1111 896 1286 977 principiis:

184 990 300 1072 Θωμᾶς
318 984 371 1051 καὶ
392 987 522 1068 Κοσμᾶς
543 977 606 1048 ἀπὸ
625 985 684 1048 τοῦ
704 982 880 1066 θαυμάσιος
898 985 953 1048 καὶ
972 985 1104 1071 κόσμιος
1123 993 1192 1056 ult.
1222 994 1287 1075 101,

181 1089 231 1156 52.
252 1095 282 1152 et
307 1086 347 1150 ab
369 1085 438 1149 aliis
465 1099 576 1147 rursus
603 1084 724 1163 Πτερᾶς
750 1085 934 1166 Apterorum
963 1087 1109 1154 eonditor
1139 1090 1233 1155 Paus.
1252 1092 1285 1155 ll.

182 1184 283 1270 5,10.
307 1177 462 1266 Ἀμκελᾶς
489 1182 584 1256 Leon.
610 1180 695 1246 Diae.
716 1182 778 1246 tlt.
808 1183 875 1247 113.
899 1178 1081 1266 Ἐπαφρᾶς,
1113 1190 1285 1271 napaeis,

185 1281 350 1355 Παλλαόᾶς
372 1288 403 1345 ot
423 1285 548 1343 eaetera
567 1278 599 1340 iu
619 1278 720 1342 medio
742 1281 853 1359 posita.
895 1280 1030 1356 Quorum
1050 1286 1281 1352 inenarrabilem

181 1383 362 1446 varietatem
383 1385 506 1442 veteres
527 1382 673 1457 quantum
694 1378 825 1441 iaeultas
849 1379 918 1442 tulit
936 1379 1078 1461 digerere
1092 1386 1201 1449 eonati
1216 1392 1281 1449 snut

181 1480 373 1562 primumque
390 1475 444 1539 illa
465 1491 545 1556 quae
573 1473 728 1553 legitimae
749 1479 973 1542 eontraotiouis
993 1482 1133 1561 speeiem
1156 1499 1232 1563 prae
1251 1500 1284 1546 se

183 1579 299 1658 ierunt,
327 1579 528 1640 serraverunt
556 1572 766 1637 adeourtatis
792 1574 824 1638 id
851 1575 934 1656 quod
961 1594 1001 1640 ex
1026 1578 1157 1643 Aroadii
1184 1581 1284 1646 uerbis

182 1677 312 1758 apparet
332 1688 445 1736 nomen
459 1667 575 1750 Ἑρμᾶς
596 1677 739 1751 tauquam
769 1670 875 1735 derlee
896 1681 1095 1739 eontraetum·
1107 1680 1284 1759 separantis

182 1773 221 1837 ab
244 1765 410 1850 Ἀρτεμᾶς,
438 1767 521 1850 quod
546 1761 786 1846 ὑποκοριστικόν
812 1777 905 1834 rooat
933 1788 1108 1853 quanquam
1136 1777 1166 1839 is
1193 1794 1282 1842 verus

180 1869 419 1950 bypooorismus
445 1881 509 1929 nou
538 1871 588 1930 est
615 1863 672 1929 sod
701 1869 859 1947 corruptio
886 1869 1091 1954 irrationalis,
1122 1890 1186 1954 qua
1205 1891 1282 1939 nune

134 1964 138 1975 ’
181 1982 304 2050 quoque
323 1966 448 2031 uomina
468 1961 843 2044 bominumproduotiora
863 1972 894 2029 et
912 1967 1148 2036 immoderatius
1174 1991 1279 2038 eroar-

180 2065 279 2129 rentia
301 2061 340 2127 ad
359 2064 450 2126 unius
472 2059 610 2142 syllabae
630 2060 681 2123 rel
700 2054 834 2125 duarum'
848 2065 1007 2142 augustias
1019 2067 1202 2148 rediguntur
1215 2073 1279 2135 lto·

181 2162 318 2244 dotatam
338 2161 464 2243 (ltalplu)
480 2159 635 2222 Nieoluos
658 2156 779 2239 (Claus)
800 2158 942 2225 tuentes
969 2163 1065 2246 (lost)
1093 2168 1277 2248 dederisne,

179 2259 370 2326 Etizobetlo
391 2260 457 2323 sive
478 2256 619 2321 isabella
638 2262 695 2320 eto.
737 2255 823 2331 Quae
845 2276 918 2323 vero
948 2260 1084 2341 legitime
1113 2269 1279 2332 eontraotis

179 2357 371 2422 adnumerari
399 2372 462 2419 nou
489 2358 638 2435 possunt,
666 2352 882 2434 quadrifariam
911 2358 1065 2444 dividunt,
1093 2365 1127 2428 iu
1154 2369 1280 2447 propria

179 2456 314 2532 Λουκᾶς,
332 2454 516 2535 Φιλησᾶς-
526 2452 711 2516 deminutiva
723 2456 868 2535 λαχανᾶς,
882 2449 1280 2546 &maedan-episom-

178 2560 261 2618 mata
281 2552 405 2628 δακνᾶς,
428 2554 546 2633 φορᾶς,
574 2557 684 2630 quarto
712 2568 750 2615 ea
777 2571 855 2633 quae
887 2548 949 2619 ἀπὸ
971 2559 1200 2643 συμβεβηκότος
1222 2583 1279 2626 uo-

179 2659 250 2715 cant
271 2657 304 2713 ut
324 2647 477 2732 τρεοᾶς,34
499 2648 669 2729 dequibus
693 2651 834 2714 omuibus
857 2652 917 2716 dixi
940 2656 970 2718 iu
987 2658 1086 2720 Wollii
1109 2661 1210 2725 Auall.
1232 2664 1278 2726 lll.

176 2749 226 2815 51.
249 2747 311 2813 Sed
332 2748 414 2828 quod
435 2749 532 2829 primo
554 2747 625 2809 loco
647 2749 781 2826 positum
804 2758 851 2812 est
876 2754 1015 2831 Λουκᾶς,
1044 2756 1137 2820 uobis
1165 2761 1197 2821 iu
1223 2778 1277 2823 oo-

176 2847 356 2927 gitationem
378 2848 472 2910 reiert
492 2860 586 2925 snpra
607 2843 731 2907 allatum
753 2853 782 2919 s.
805 2848 834 2911 4.
855 2851 975 2925 Λοῦκις
996 2860 1025 2916 ot
1047 2856 1074 2917 si
1101 2856 1174 2935 quid
1198 2859 1277 2922 aliud

177 2945 299 3023 syllaba
319 2931 347 3018 ᾧ
366 2945 479 3007 linitum
501 2945 635 3025 speeiem
658 2945 736 3022 gerit
752 2945 991 3033 imminutionis,
1013 2967 1076 3014 uon
1105 2955 1199 3018 modo
1230 2957 1278 3020 illa

177 3043 289 3122 quibus
316 3059 377 3104 uua
406 3041 445 3105 ad
465 3044 671 3121 iutegritatem
699 3042 786 3105 litera
815 3043 904 3108 deest
928 3045 1068 3128 Θέογνις,
1094 3047 1232 3131 Θὲομνις
1252 3062 1278 3118 et
1319 3116 1322 3131 ,

176 3133 329 3218 ditionem
350 3156 388 3200 ex
412 3135 569 3219 Θεογένης,
593 3136 766 3222 Κλεομένης
788 3141 906 3206 dollexa
928 3164 955 3209 u.
975 3148 1104 3211 Frauok.
1127 3150 1164 3212 ad
1181 3153 1277 3215 lusor.

175 3237 307 3300 lliohtor.
329 3235 398 3297 249.
429 3236 484 3299 sed
513 3239 679 3316 praecipue
707 3256 786 3318 quae
816 3239 1006 3307 Grammatioi
1036 3247 1278 3325 exsiguarunta
1320 3314 1323 3319 .

176 3334 396 3414 primitivorum
432 3334 628 3398 similitudine
663 3336 785 3417 lougius
811 3338 981 3403 abstracta:
1010 3338 1137 3425 ἄστροις
1163 3341 1278 3412 buono

238 3584 284 3649 32]
303 3581 406 3639 Πολλοῖς
422 3581 585 3648 anatomiam
603 3578 647 3632 ἐπὶ
665 3580 830 3650 σκώμματος
848 3585 880 3637 ὅν
898 3586 1047 3645 Arcad.22.
1064 3591 1136 3647 idem
1152 3598 1277 3666 estquod

172 3664 272 3729 πέλλης
288 3660 444 3725 niueam-d
469 3665 558 3731 γέρων
575 3664 637 3719 llas.
657 3665 708 3719 boe
725 3670 765 3722 est
781 3666 874 3725 πολιός
894 3676 920 3724 et
938 3670 969 3724 ab
989 3672 1081 3727 eodem
1093 3681 1193 3743 :etymo
1213 3680 1278 3735 uude
1320 3738 1323 3743 ,

172 3749 265 3805 πολέας
282 3752 309 3802 et
327 3745 432 3801 Πελίας.

237 3846 284 3912 33)
302 3845 348 3898 His
366 3843 480 3898 additum
499 3845 646 3904 νινακισᾶς
663 3849 713 3903 etsi
738 3852 825 3904 tuetur
843 3847 1042 3906 Choeruboscus
1061 3853 1146 3909 Ciam
1168 3858 1205 3913 ll.
1223 3861 1277 3917 aot
1319 3864 1323 3877 '

172 3931 199 3981 iu
215 3929 333 3985 νινακᾶς
349 3927 498 3981 mutandum
515 3928 625 3996 uidetur,
645 3930 716 3998 quod
732 3945 829 3986 nornen
845 3932 886 3985 ltu
904 3931 1018 4001 cangius
1036 3939 1188 3995 eabboruru
1215 3959 1277 3998 cou-

172 4009 298 4065 leeturem
314 4012 505 4076 iuterpretatur.

239 4122 285 4189 31)
303 4123 349 4177 Sie
367 4126 462 4191 seriori
481 4140 527 4193 pro
546 4130 648 4194 τρέσας,
665 4128 736 4197 laod
753 4130 883 4198 participii
902 4132 980 4187 ruodo
999 4134 1156 4193 declinatur.

1313 4182 1321 4273 l
