2648 4756
108 298 174 368 198
455 292 777 362 uissuntnnto
817 294 867 362 lt.

107 462 157 529 tt.
179 464 209 545 5,
228 462 259 527 ii.
282 459 339 525 seul
367 462 494 541 saepius
513 460 697 539 Kueroecol,
722 464 758 527 ut
777 458 886 541 regna
907 460 1004 540 optat.
1043 455 1111 521 lanu
1131 472 1215 521 con-

109 559 200 626 cludo
220 559 316 623 verba
336 558 389 622 ilia
411 553 602 641 stephanici
628 556 662 625 ii
678 548 774 643 Ὦρος
795 552 835 621 τὰ
861 551 967 641 pinet
994 552 1215 637 ιιαθαρεύοπα

107 659 153 744 τῷ
173 658 194 740 ἡ
213 652 298 721 θέλει
315 652 551 741 καραίιξγευθαι
568 654 662 741 χωρὶς
681 658 709 722 εί
728 694 770 707 -
790 657 870 722 lianc
891 656 1079 721 sententiani
1099 655 1213 719 habere

107 750 148 821 τὰ
159 750 216 839 ptv
228 751 357 838 καθαρὰ
375 758 420 843 τῷ
439 752 553 823 eolla
573 748 963 852 neaniaipeotimiej's-pr)
984 750 1088 827 οὕτως
1108 749 1215 834 ἔχοντα

107 856 194 943 snivi,
208 856 269 920 troc
287 864 337 921 est
347 856 401 921 illa
413 873 493 937 qnae
507 854 611 938 paullo
628 863 701 919 ante
714 855 802 919 attuli
816 857 848 918 in
860 876 935 936 ηνος
948 869 1059 936 purnro
1071 853 1216 916 exeuntia

109 962 163 1019 aut
177 957 277 1019 minus
286 961 371 1019 recte
384 957 503 1035 scripta
516 961 569 1017 aut
583 955 824 1034 tropaenomiue
838 959 1080 1017 eucusnaesse.
1097 952 1217 1031 Agoni-

109 1054 181 1119 tivis
202 1070 267 1119 uun
287 1054 373 1135 puris
387 1056 529 1135 proiecta
543 1069 599 1133 per
613 1060 663 1115 eta
677 1054 854 1117 scribuntur
863 1044 1055 1131 Ἐόεσαηνός,
1074 1051 1215 1131 Λαριυη-

108 1146 174 1231 υός,
183 1145 355 1235 Ὀβαὼρός
368 1159 511 1217 etcetera
523 1150 766 1233 innumerabilia,
775 1142 1215 1232 exceptisrornanis'Apptxa-

109 1271 174 1333 νος,
185 1243 363 1332 Ἀλβανός13
377 1257 435 1315 etc.
457 1259 488 1315 et
503 1250 660 1314 nonnullis
680 1266 760 1330 quae
774 1248 831 1311 rho
850 1253 923 1310 ante
936 1247 1076 1311 rocalen
1086 1247 1212 1312 labent.

110 1346 212 1423 Quae
228 1347 310 1413 Orus
331 1346 417 1412 uidit
435 1345 530 1431 χωρίς
549 1348 577 1412 ei
595 1342 639 1430 pr)
659 1349 703 1433 τῷ
728 1336 746 1429 ρ
766 1339 1014 1426 emancipata
1033 1344 1215 1426 διαφοροῖτο

111 1446 187 1525 (eor.
208 1444 385 1529 ὁιφοροῑτο)
405 1444 551 1529 καθάπερ
569 1442 619 1509 ἐπὶ
638 1447 697 1510 τοῦ
713 1439 903 1527 Ἀγκυρανός
922 1440 974 1507 καί
996 1440 1216 1528 Θυατειρηνός,

110 1540 270 1627 moncia
295 1542 349 1608 καί
370 1541 568 1629 sarrepta,
596 1544 649 1607 ulti
675 1561 732 1624 pro
762 1537 921 1625 Γερμανός
948 1542 1096 1607 substitui
1126 1543 1217 1610 debet

88 1644 296 1725 'gentilicium
317 1660 337 1705 a
357 1645 480 1708 nomine
504 1644 537 1707 in
562 1629 607 1720 οἳ
628 1651 761 1707 exeunte
788 1642 990 1723 declinatura,
1020 1639 1217 1722 Γερράυός14

110 1739 159 1805 rel
180 1740 279 1805 sinrile
301 1740 508 1823 aliquippiam.
546 1741 708 1805 Postremo
738 1740 822 1805 addit
847 1727 895 1803 aiv
915 1733 1029 1820 τὰμὲν
1053 1736 1139 1821 παρὰ
1158 1735 1217 1823 τὴν

101 1834 260 1918 ’Ἄγκυραν
279 1835 481 1922 αυυεξέὸραμι
500 1841 546 1927 τῷ
568 1833 732 1921 Σαραυός,
754 1831 942 1919 Bomonicae,
963 1831 1002 1902 τὰ
1023 1832 1058 1901 rii
1077 1833 1141 1903 ἀπὸ
1161 1842 1217 1903 τοῦ

112 1930 265 2016 Θυάτειρα
284 1934 337 2000 καὶ
358 1933 398 2002 τὰ
416 1943 449 2003 Γ
444 1935 544 2022 άγγρα
567 1938 735 2019 παρῆκται·
762 1931 840 2001 &aa
860 1934 914 2001 καὶ
933 1938 1082 2019 θηλυκῶς
1100 1934 1217 2020 λέγεται

109 2026 287 2117 ἡΓιίγγρα.
330 2036 387 2100 liic
415 2048 488 2119 post
507 2037 665 2120 Ἀγκυραα
685 2036 842 2101 excidisse
874 2035 1004 2101 alterurn
1033 2038 1216 2122 enemplnnr,

109 2131 193 2215 quoti
215 2130 319 2215 litte
340 2135 437 2201 luisse
458 2139 567 2221 posui,
595 2136 646 2200 vel
673 2154 712 2200 en
739 2133 869 2199 articulo
898 2134 1010 2215 plurali
1037 2123 1084 2197 eie
1102 2130 1141 2198 τὰ
1160 2133 1217 2218 μὲν

110 2239 249 2315 apparet,
270 2250 328 2298 noc
348 2236 422 2299 vitio
446 2243 532 2300 caret
551 2228 739 2313 Boerpavria,
761 2250 831 2297 nam
852 2250 872 2296 a
893 2228 1016 2313 Βόστρα
1038 2232 1217 2317 Βοστρηνός

110 2328 259 2395 declinari
280 2332 456 2413 Stephanus
476 2335 546 2414 ipse
560 2333 698 2397 declarat
713 2349 777 2395 non
794 2330 891 2395 semel
905 2329 962 2395 sed
975 2338 1110 2411 qualum
1127 2333 1217 2399 dein-

110 2444 185 2509 ceps
207 2428 287 2493 locis
308 2448 334 2494 s.
356 2427 495 2513 Βόσιρα,
518 2429 661 2514 scirpea,
683 2426 828 2512 Ιιίὸαρα,
841 2423 949 2509 Ἔγρα.
989 2428 1049 2493 Pro
1071 2430 1135 2495 iaec
1156 2434 1218 2513 igi-

111 2531 160 2589 tur
183 2519 351 2607 Ὀσιρανός
384 2547 531 2611 reponam
560 2549 578 2595 a
605 2529 728 2593 nomine
759 2528 844 2593 urbis
874 2527 997 2591 italicae
1029 2525 1156 2592 tinctum
1185 2537 1217 2594 ut

111 2619 264 2704 Σαραυός
284 2642 303 2687 a
324 2627 419 2710 Sora,
441 2644 460 2692 a
482 2628 564 2693 Cora
586 2628 741 2708 Coranus,
764 2625 802 2689 ab
824 2624 901 2687 urbe
923 2624 1073 2689 Sardiana
1094 2628 1217 2708 Ναρα-

110 2716 174 2799 νόει
196 2723 279 2803 quoti
295 2724 471 2806 Stephanus
487 2742 555 2790 oum
570 2724 675 2789 italico
689 2725 829 2789 Nolanus
848 2723 985 2801 consent,
1008 2740 1109 2804 eoque
1123 2726 1216 2792 nole

109 2819 257 2901 Polybius
275 2813 542 2904 Ἀργυριαααιυύς
564 2823 699 2906 appellat
719 2840 800 2905 quos
823 2820 936 2885 Strabo
952 2820 999 2884 iil.
1013 2820 1083 2887 283.
1110 2816 1217 2906 Ἀργυ-

112 2914 285 3004 emmonis
307 2921 355 2985 vel
376 2928 409 2985 ui
430 2921 547 2986 Curuus
570 2922 705 3004 scripsit,
724 2914 980 3003 Ἀργυριππίυους
1003 2918 1085 2984 dicit.
1096 2921 1124 2962 ¹⁵
1149 2924 1217 2988 llo-

180 3193 223 3261 13)
249 3196 305 3250 lice
323 3204 364 3252 esi
383 3199 451 3253 Alba
477 3199 617 3266 oriundus;
643 3216 702 3257 nanu
722 3199 850 3269 Ἀλβανός
874 3202 960 3268 gentis
983 3201 1097 3260 Asiaene
1122 3218 1216 3259 nornen

112 3278 234 3346 primitivi
259 3293 354 3347 expers
379 3296 431 3335 non
455 3285 538 3350 magis
560 3282 613 3336 huc
636 3287 749 3350 pertinet
769 3298 848 3353 quatu
868 3282 1026 3352 Γερμανίς,
1047 3283 1174 3344 Ἱσπανός
1191 3293 1218 3343 et

113 3362 165 3415 alia
182 3376 330 3430 aparapoga
350 3368 377 3419 in
396 3365 522 3434 Stephani
541 3366 609 3430 leco,
625 3365 670 3419 uiti
689 3381 735 3434 pro
756 3366 884 3434 ὐλραυός
907 3368 1076 3425 scribendum
1101 3375 1143 3426 est
1163 3371 1217 3421 ’Ai-

112 3444 203 3512 βανός.
240 3446 307 3501 Naro
324 3449 389 3503 illari
406 3446 532 3517 ὐλρηνός
551 3447 654 3501 (licitur.

180 3530 224 3597 14)
249 3530 319 3584 Alibi
337 3533 444 3600 quidem
460 3528 596 3598 Γερρρυός
613 3532 709 3597 tegitur
727 3536 753 3586 tii
771 3531 918 3599 Stephanus
936 3532 994 3598 ipse
1014 3531 1151 3601 Γερραἴας
1175 3534 1217 3590 ai.

112 3611 163 3670 ieri
178 3618 207 3668 til
221 3612 349 3683 Ἀχίῤῥαι
362 3612 536 3682 Ἀχερῤαἴας,
564 3628 611 3682 pto
634 3628 687 3683 qtie
703 3614 837 3682 Appianis
862 3615 926 3670 Ptin.
946 3631 969 3670 υ.
995 3616 1037 3673 6³.
1053 3615 1219 3685 Ἀχεῤῥανός

112 3700 209 3764 posuit.

183 3780 227 3847 15)
249 3779 298 3834 llic
320 3793 430 3846 magnae
449 3779 578 3836 Graeciae
593 3781 715 3848 proprius
733 3784 810 3847 typus
829 3784 878 3847 est,
896 3780 962 3836 aiter
975 3796 1023 3848 per
1038 3788 1081 3837 eta
1095 3782 1217 3851 Asianus,

113 3875 191 3930 quent
207 3862 355 3930 Stephanus
372 3878 394 3917 s.
409 3861 555 3931 'Apaeqvo'c
575 3863 717 3930 gentiliciis
734 3860 880 3929 Europaeis
901 3863 1048 3930 antuniana
1070 3866 1094 3919 is
1113 3868 1158 3933 poi
1176 3867 1218 3920 ul-

113 3945 166 4012 pha
181 3945 268 4011 habet,
287 3959 417 4000 romanus
460 3945 534 4001 idern
547 3943 642 4004 Ἵππος
665 3945 746 4009 νῆσος
765 3943 930 4015 Ἐρυθραίας
951 3950 999 4000 καὶ
1022 3946 1100 4006 πόλις
1115 3950 1217 4002 linear.

114 4030 203 4090 πίνης
219 4029 266 4079 καί
282 4030 420 4084 Σικελίας·
440 4026 469 4081 τὸ
487 4024 600 4081 turrate
615 4025 737 4084 ‘luntres
753 4027 801 4078 καὶ
816 4023 958 4091 ’ίππηυός,
981 4029 1034 4085 hoc
1050 4030 1218 4101 Asianorum,
1258 4076 1262 4086 .

115 4110 222 4165 alterurn
240 4109 396 4166 Siculorum.
430 4109 485 4167 Sed
510 4111 652 4167 merentur
674 4109 821 4176 intertium
845 4108 966 4163 Κάναθα
984 4110 1065 4172 πόλις
1080 4114 1216 4185 Ἀραβίας,
