2648 4756
103 292 174 361 264
463 284 784 353 ulssnnrnulo
824 283 860 349 V.

104 457 186 523 irlem
207 458 302 520 utitur
325 471 351 519 s.
376 450 523 535 Κήδαλον
544 450 666 516 αἰδοῖον
690 445 784 530 alpos
810 445 990 529 σκάλαθρον
1016 447 1091 511 (luas
1117 463 1207 510 oom-

108 556 218 638 ploxus
240 553 493 637 significationes,
515 569 594 633 quas
615 551 752 615 continet
774 566 836 613 ron
849 549 961 626 latioa;
988 563 1056 610 uam
1070 546 1205 608 rotabu-

108 652 174 716 tunr
194 652 358 715 inuenitur
380 654 479 717 eiiam
495 668 557 733 pro
578 648 718 714 menelao
740 649 825 711 cirili
843 655 877 711 ut
890 639 1119 724 σκαλανθύρειν
1135 662 1209 724 pro-

109 749 175 832 prio
197 747 309 812 dicitur
331 767 389 832 pro
411 746 571 815 σκαλεύειν
591 746 746 813 sedidem
767 746 859 810 babet
874 745 1066 809 intellectum
1080 741 1210 805 obscoe-

108 862 181 910 num
200 863 291 927 quern
310 848 433 929 sedere.
475 849 619 913 Ultimum
639 845 730 925 bolus
753 846 884 910 familiae
905 851 955 907 est
974 838 1126 921 πέτενρον
1146 842 1163 902 i.
1184 857 1210 920 q.

109 939 275 1024 πέτανρον,
298 946 336 1012 do
357 963 420 1028 quo
442 943 638 1026 supradixi,
660 951 690 1008 et
711 939 860 1023 aiberpov
879 939 1026 1021 ὕστερον,
1047 939 1133 1021 quod
1153 940 1211 1001 lle-

110 1034 239 1122 sycbins
259 1045 434 1109 Laconibus
456 1046 597 1124 assignat
618 1044 678 1106 etsi
698 1060 717 1106 a
739 1041 971 1124 praepositione
988 1039 1112 1103 aeolica
1131 1052 1212 1100 com-

111 1144 247 1223 positum
276 1149 309 1205 ut
334 1138 496 1226 Πέῦουρον
515 1136 667 1224 μετέωρον
687 1141 718 1204 il
741 1148 790 1204 est
810 1156 1007 1221 suspensum,
1028 1135 1211 1219 impendens

110 1240 281 1306 imminens.

195 1361 227 1430 s.
249 1355 278 1419 l.
314 1354 514 1419 substantiva
536 1355 567 1418 in
586 1376 666 1436 pp-
682 1353 833 1417 declinata
854 1367 953 1431 pauca
974 1358 1062 1414 sunt:
1085 1349 1212 1432 cloppos,

114 1455 204 1534 cujus
226 1455 314 1534 origo
335 1453 428 1532 louge
448 1461 550 1535 retro,
576 1449 716 1535 μύκηρος
742 1452 762 1514 i.
786 1469 814 1531 q.
839 1443 1021 1530 ἀμύγδαλον
1041 1466 1114 1532 nux,
1135 1465 1214 1530 qno-

114 1567 181 1615 rum
200 1551 336 1615 nltimum
355 1550 436 1614 idem
455 1551 713 1632 simplicissimum
734 1548 869 1629 videtur3
890 1556 920 1613 et
942 1550 1086 1613 feminina
1099 1568 1215 1629 μακρο-

114 1645 289 1731 mitam
316 1645 377 1727 πρὸ
405 1645 512 1722 τέλους
541 1642 650 1730 ἔχοντα
675 1643 732 1711 τὸν
760 1644 870 1726 τόνον,
905 1644 1059 1730 mappa,
1094 1641 1215 1728 ὀτρὴρα,

116 1744 263 1826 δασλὴρν,
284 1745 420 1828 μενδῆρα
442 1748 576 1826 Theogn.
599 1766 627 1828 p.
652 1746 720 1811 lor.
742 1763 871 1826 quorum
892 1748 1020 1826 primurn
1036 1752 1067 1809 et
1081 1746 1216 1808 ultimum

116 1843 195 1907 irlern
209 1845 290 1906 rulet
303 1844 385 1925 qnod
399 1840 537 1926 μέριμνα,
549 1839 684 1927 Ὀτρὴρα
690 1846 857 1909 Amazonis
868 1860 979 1908 nomon
997 1851 1056 1927 est,
1070 1845 1218 1926 Accippe

117 1941 238 2023 paludis
259 1942 324 2007 Eli.
345 1943 396 2006 ubi
418 1960 579 2025 perperam
606 1941 878 2027 propurorytoubs
907 1944 1060 2007 scribitur.
1105 1943 1219 2007 Neutra

117 2035 271 2121 ἄνδηρον,
304 2040 387 2121 quod
413 2043 617 2125 llarpocratio
647 2037 786 2123 abnepos
814 2041 984 2105 traductum
1003 2041 1163 2123 opinatur,
1191 2046 1219 2103 et

117 2138 240 2221 εἴληρον
261 2140 327 2204 sive
349 2136 482 2223 εὔληρον
508 2140 556 2221 (ni
576 2133 666 2221 εὐλή)
695 2133 780 2219 παρὰ
805 2134 842 2201 τὸ
869 2139 938 2203 ribai
967 2140 1038 2204 Scir.
1060 2140 1095 2203 ll.
1116 2139 1218 2203 xlllll.

117 2237 229 2303 481.²⁵
256 2237 427 2319 Adjectivis
449 2238 643 2320 proterendis
663 2239 821 2302 materiam
842 2239 1049 2318 praebuerunt
1071 2237 1220 2301 substan·

121 2338 184 2401 tira
207 2338 340 2400 omnium
363 2336 518 2420 ordinum,
540 2338 629 2418 primi
651 2334 771 2417 quidem
791 2332 909 2417 γεηρός,
931 2332 1120 2418 damippus,
1142 2337 1220 2417 ζων-

119 2433 183 2515 νός,
204 2432 372 2518 urionem,
395 2428 556 2519 ὀδυνηρόν,
573 2428 718 2516 mmsis,
740 2431 878 2517 avarus,
899 2431 1058 2517 robertis,
1081 2429 1219 2516 nuncio

120 2535 247 2598 seeunur
277 2528 448 2614 αὖνιννός,
475 2529 667 2615 καματηρός,
695 2529 865 2613 warocio,
899 2529 1049 2616 πονηρός,
1085 2528 1219 2616 lurcio

71 2674 74 2679 «
119 2625 267 2711 ὀγκηρός,
291 2623 439 2712 ὀκνηρός,
462 2626 605 2714 ὀχληρός,
625 2627 807 2712 πλουτηρός,
830 2633 911 2694 tertii
932 2626 1061 2713 νίμηρός
1084 2639 1115 2695 et
1137 2632 1220 2713 αἷμα-

119 2725 227 2811 τηρός,
250 2722 398 2810 ἄλγηρός,
419 2725 620 2812 γυναικηρὸς,
642 2723 782 2809 inruptis,
804 2726 1015 2812 καυματηρός,
1037 2727 1220 2814 κυματηρός,

119 2823 277 2909 epompio.
328 2828 361 2891 ln
383 2828 430 2890 bis
452 2846 531 2908 quoe
553 2845 571 2891 a
592 2829 777 2907 corporibus
799 2826 994 2892 denominata
1015 2836 1098 2911 sunt,
1120 2832 1221 2911 plera-

122 2944 181 3009 que
203 2927 396 3007 reperiuntur
417 2942 562 2987 uasorum
585 2926 721 3005 epitheta
742 2935 919 2991 contentum
940 2927 1023 3009 quod
1045 2927 1157 2990 dicutur
1178 2923 1223 3008 (τὸ

122 3023 349 3104 περιεχόμενον)
371 3024 573 3102 significantia
594 3019 735 3102 κρωσσὸς
755 3021 880 3107 οἰνηρὰς
899 3024 952 3089 καὶ
970 3021 1141 3108 ὖᾶατηρός,
1173 3049 1223 3090 πι-

122 3120 269 3191 νακίσκος
289 3116 421 3199 μαζηρός
441 3122 491 3182 uel
513 3120 678 3204 ἰχθυηρός,
701 3119 823 3206 ἀγγεῖον
843 3120 987 3206 ἐλαιηρόν
1006 3125 1055 3189 vel
1075 3123 1223 3208 μυρηρόν,

123 3211 269 3297 κεράμιον
287 3208 400 3296 ὀξηρόν
421 3224 451 3279 et
473 3212 659 3302 ὀμφακηρόν
674 3229 731 3286 etc.
754 3240 810 3287 nec
831 3240 930 3305 pauca
953 3240 1061 3306 genus,
1084 3226 1166 3287 sicut
1187 3227 1226 3287 ri-

124 3315 213 3379 uucei
234 3316 357 3396 generis
379 3332 458 3396 quae
480 3323 552 3379 suut
571 3315 730 3401 βοτρυηρνῖ
751 3331 909 3404 vocantur,
931 3322 1053 3386 nucalia
1075 3318 1224 3405 καρυηρνὶ,

124 3411 282 3492 glandaria
303 3410 477 3495 βαλανηρά,
508 3421 648 3481 testacea
668 3414 860 3501 ὀστρακηρνί,
889 3424 1009 3503 spicata
1031 3428 1062 3484 et
1083 3423 1227 3501 spicilera

125 3508 291 3593 σννχυηρά,
315 3513 448 3576 cerealia
469 3510 597 3594 σιτηρά,
619 3515 720 3597 liquor
742 3519 888 3582 oleaoens
910 3514 1000 3601 ἰκμὰς
1020 3515 1166 3602 ἐλαιηρά,
1187 3520 1226 3583 li-

125 3628 217 3676 versa
250 3627 268 3674 a
300 3611 509 3674 materialibus
542 3608 712 3694 βαλάνινον
744 3612 765 3697 ἢ
792 3613 1090 3697 sapervacuum,
1127 3621 1228 3700 τεῦχος

194 3860 240 3926 25)
258 3859 306 3911 Pro
325 3858 445 3925 Δοβῆρος
461 3856 557 3912 Zosiru.
577 3861 598 3914 1.
616 3862 658 3918 to.
678 3862 754 3916 codd.
774 3865 827 3918 duo
846 3863 967 3934 Τόπηρος
990 3864 1071 3932 (sici,
1091 3883 1138 3935 pro
1157 3871 1225 3929 jagp-

127 3941 176 4008 ροῦ
194 3941 322 4007 chophr.
343 3941 415 3995 1026.
437 3940 495 3993 con.
515 3941 595 3997 Paris.
615 3944 727 4013 Διζήρον
753 3961 785 4000 eu
809 3949 899 4014 regula
918 3949 977 4002 llrc.
997 3963 1022 4015 p.
1042 3953 1084 4004 ll.
1113 3951 1225 4015 Tbeugm

128 4039 153 4090 p.
173 4024 215 4077 ll.
237 4023 408 4089 νῑἎμληρνς,
424 4022 563 4090 ilrincas.
580 4026 711 4094 mataps,
732 4029 868 4098 Φάληρος.
903 4034 952 4088 Pro
972 4038 1085 4100 oxrtono
1112 4032 1225 4101 ἀρληρόν

127 4112 189 4166 Hbs.
211 4110 309 4168 rectius
327 4103 442 4170 Tthssll·
463 4106 520 4160 l'tl.
541 4106 660 4179 ἄρληρον
673 4117 726 4172 ie.
743 4116 867 4184 αι’-λη(νον.
