2648 4756
114 315 149 372 rt
483 304 876 371 banniario.

25 524 27 528 ι
113 502 247 553 suorum
283 480 555 565 elegantissimos
589 465 827 565 παθημάτων
861 472 1061 562 itt-pronote
1095 472 1208 564 θερα-

112 585 289 682 πευτικήν
314 598 490 683 inscripsit.
540 594 704 664 Videlicet
727 592 1041 681 vocabuloquoquo
1058 593 1210 661 affectiu-

113 732 174 783 ncs
209 731 289 782 suas
315 712 457 803 babent,
491 729 560 781 non
586 711 738 781 hominos
765 711 891 800 sotum,
926 715 960 778 et
993 728 1053 778 eas
1088 710 1207 778 similos

112 832 275 920 humanis,
300 830 528 919 pleonasmos,
554 828 692 916 eliipses
717 835 899 915 tropasque
925 830 1045 918 varias,
1071 827 1112 896 ad
1127 844 1210 915 quas

113 955 147 1018 et
182 944 441 1033 cognoscendas
475 943 631 1030 diagnosi
665 963 749 1032 opus
784 951 837 1014 est
867 945 967 1015 etad
995 943 1210 1031 corrigendas

111 1066 280 1152 tberapia;
307 1081 384 1131 nam
411 1067 445 1131 et
469 1061 534 1131 boo
559 1080 681 1130 nomen
714 1081 777 1130 usu
811 1069 971 1150 oeperunt
995 1063 1209 1131 Grammatioi.

112 1180 397 1264 Quemadmodum
422 1197 502 1248 vero
528 1179 694 1247 uocabula
719 1181 793 1267 ipsa
826 1180 956 1248 duabus
989 1200 1029 1249 ex
1063 1182 1206 1267 partibus

112 1304 277 1388 constant,
304 1316 441 1386 quarum
466 1315 534 1367 una
559 1299 658 1384 stirps
685 1300 888 1389 continetur,
922 1297 1024 1367 attera
1058 1296 1106 1364 ad
1145 1304 1205 1366 ter-

113 1418 324 1485 minationem
351 1416 502 1504 pertinet,
529 1412 650 1482 eodem
675 1413 776 1484 modo
803 1412 961 1483 haecerit
983 1410 1206 1501 dispertienda

112 1535 276 1622 qrraestio.
331 1531 469 1600 Primum
495 1531 593 1616 igitur
618 1530 780 1599 disseram
808 1530 850 1599 do
877 1531 1117 1611 mutationibus
1139 1530 1208 1618 syl-

110 1651 259 1719 labarum
287 1647 448 1737 finalium,
481 1666 549 1716 non
583 1645 707 1718 directe
744 1648 806 1717 sed
840 1650 1032 1717 circuitione
1067 1645 1208 1736 quadam

111 1785 194 1837 usus
221 1771 255 1834 et
280 1765 437 1835 aniraetu.
488 1763 572 1833 Nam
599 1767 678 1853 quia
704 1764 784 1854 quid
811 1765 964 1835 atieotum
990 1767 1035 1834 sit
1059 1771 1096 1833 et
1122 1782 1209 1854 quo-

110 1881 210 1952 modo
243 1882 320 1951 sciri
355 1899 424 1950 non
456 1886 569 1969 potest
600 1882 664 1951 nisi
695 1883 867 1969 explorata
907 1885 1005 1951 unius
1047 1885 1207 1969 cujusque

110 2001 216 2070 torma
241 2000 352 2067 rrabva
378 2004 411 2067 et
435 1997 585 2087 propria,
621 1996 745 2068 idcirco
779 1999 857 2067 mibi
881 1997 1072 2068 iaciendum
1100 1999 1204 2088 putari

108 2122 146 2187 ut
170 2116 322 2203 singulas
348 2116 596 2183 terminationes
630 2132 671 2184 ex
704 2113 821 2185 ordine
853 2134 1114 2207 percenserem,
1140 2116 1204 2203 pri-

108 2252 196 2303 mum
222 2232 400 2322 nominum,
426 2236 493 2299 tum
518 2229 640 2309 deiude
665 2233 850 2302 uerbonrm.
901 2233 1006 2316 Quam
1032 2238 1162 2320 partem
1179 2233 1203 2300 si

109 2351 298 2441 absolvero,
323 2351 395 2436 pari
420 2351 548 2418 ratione
575 2366 739 2436 exponam
756 2347 798 2419 de
816 2349 1059 2440 affectionibus,
1088 2351 1205 2439 quibus

108 2468 294 2538 substantia
332 2483 453 2533 vocum
500 2466 732 2553 interpolatum
781 2485 845 2537 nec
884 2470 1143 2553 praetermittam
1178 2468 1203 2535 si

78 2643 82 2654 .
109 2582 189 2673 quid
215 2585 249 2652 iu
275 2579 443 2651 declinata
469 2580 637 2668 discrepet
662 2588 696 2651 et
721 2584 751 2651 si
777 2582 857 2671 quid
883 2585 916 2652 in
949 2583 1101 2671 partibus
1128 2601 1203 2653 ora-

108 2702 207 2770 tionis
247 2696 548 2768 indeeiinabilibus.
607 2699 641 2769 Is
682 2705 743 2770 erit
782 2699 998 2787 Patbolpgiao
1039 2702 1204 2768 terminus.

107 2818 201 2889 Nunc
228 2814 362 2906 quidem
389 2814 521 2883 substiti
546 2816 580 2885 in
606 2818 892 2887 terminationibus
909 2835 1023 2888 eorum
1038 2820 1204 2885 nominum

107 2932 296 3025 quaemihi
321 2930 517 3001 uberrimam
543 2930 588 3001 ad
613 2931 848 3020 disputandum
862 2937 1030 3004 materiem
1044 2934 1204 3020 praebere

106 3050 320 3140 ridebantur,
357 3067 537 3138 earumque
570 3068 638 3118 non
672 3053 901 3138 corruptiones
933 3051 1040 3121 solum
1075 3051 1203 3121 tradere

107 3172 248 3239 conatus
275 3183 347 3234 sum
382 3164 444 3234 scd
477 3168 594 3255 etiam,
617 3167 674 3235 ubi
700 3186 741 3237 ex
767 3188 802 3237 re
836 3172 923 3259 erat,
957 3167 1202 3255 derivationem,

108 3281 400 3373 significationem,
434 3288 625 3375 accentum,
667 3288 882 3374 quantitatem
922 3291 1053 3373 etqua
1093 3293 1204 3357 aetate

28 3482 30 3487 ¹
106 3416 263 3490 quaeque
289 3398 458 3469 celebrata
484 3402 529 3469 sit
553 3404 587 3468 et
611 3418 680 3488 quc
707 3404 739 3470 tn
766 3421 890 3490 genere
918 3401 1061 3473 dicendi.
1112 3403 1205 3475 Haec

104 3515 257 3588 curriculi
281 3518 347 3585 mei
373 3519 470 3605 quasi
496 3518 635 3589 exordia
660 3520 764 3612 tuere,
790 3518 937 3609 ideoque
962 3519 1029 3590 boo
1048 3519 1206 3591 volumen

102 3635 345 3721 Prolegomena
364 3634 528 3720 inscripsi.
579 3682 582 3689 -

202 3751 425 3837 Posteaquam
452 3748 518 3822 diri
545 3750 624 3841 quid
650 3753 728 3822 mihi
754 3754 1001 3842 proposuerim,
1035 3751 1144 3823 dicam
1169 3756 1204 3826 in

103 3885 170 3953 qrro
197 3865 275 3933 mibi
302 3864 470 3936 deiecisse
496 3869 618 3939 uidear.
670 3871 824 3940 Nimirum
851 3873 950 3957 igitur
976 3874 1202 3957 qurumomnia

102 3986 165 4051 ista
191 3981 368 4069 complecti
395 3984 572 4078 studerem,
600 3987 721 4057 iactum
748 3990 898 4059 estsine
925 3987 1027 4056 dubio
1054 3994 1091 4057 ut
1110 4008 1201 4058 nou-

100 4099 191 4169 nulla
225 4104 282 4171 aut
312 4117 373 4190 per
408 4101 660 4189 imprudentiam
680 4107 955 4192 praetermiserim
982 4112 1040 4177 aut
1064 4105 1201 4180 deliba-
