<?xml version="1.0" encoding="UTF-8"?>
<!DOCTYPE html PUBLIC "-//W3C//DTD XHTML 1.0 Transitional//EN"
    "http://www.w3.org/TR/xhtml1/DTD/xhtml1-transitional.dtd">
<html xmlns="http://www.w3.org/1999/xhtml" xml:lang="en" lang="en">
 <head>
  <title>
</title>
<meta http-equiv="Content-Type" content="text/html;charset=utf-8" />
  <meta name='ocr-system' content='tesseract 3.04.00' />
  <meta name='ocr-capabilities' content='ocr_page ocr_carea ocr_par ocr_line ocrx_word'/>
</head>
<body>
  <div class='ocr_page' id='page_1' title='image "./pathologiaeserm00lobegoog_0219.png"; bbox 0 0 2648 4756; ppageno 0'>
   <div class='ocr_carea' id='block_1_1' title="bbox 184 332 953 409">
    <p class='ocr_par' dir='ltr' id='par_1_1' title="bbox 184 332 953 409">
     <span class='ocr_line' id='line_1_1' title="bbox 184 332 953 409; baseline -0.014 0"><span class='ocrx_word' id='word_1_1' title='bbox 184 340 256 409; x_wconf 67' lang='grc' dir='ltr'><strong>ΕΜ</strong></span> <span class='ocrx_word' id='word_1_2' title='bbox 545 332 867 401; x_wconf 81' lang='lat' dir='ltr'><strong>bissuitrnrto</strong></span> <span class='ocrx_word' id='word_1_3' title='bbox 902 332 953 399; x_wconf 85' lang='lat' dir='ltr'><strong>ir.</strong></span> 
     </span>
    </p>
   </div>
   <div class='ocr_carea' id='block_1_2' title="bbox 184 497 1293 4123">
    <p class='ocr_par' dir='ltr' id='par_1_2' title="bbox 184 497 1293 1767">
     <span class='ocr_line' id='line_1_2' title="bbox 184 497 1293 585; baseline -0.005 -14"><span class='ocrx_word' id='word_1_4' title='bbox 184 501 318 571; x_wconf 88' lang='lat' dir='ltr'><strong>nominis</strong></span> <span class='ocrx_word' id='word_1_5' title='bbox 339 515 403 563; x_wconf 91' lang='lat' dir='ltr'><strong>uon</strong></span> <span class='ocrx_word' id='word_1_6' title='bbox 423 500 566 565; x_wconf 85' lang='lat' dir='ltr'><strong>nouimus</strong></span> <span class='ocrx_word' id='word_1_7' title='bbox 586 500 644 565; x_wconf 84' lang='lat' dir='ltr'><strong>sed</strong></span> <span class='ocrx_word' id='word_1_8' title='bbox 668 501 901 585; x_wconf 74' lang='lat' dir='ltr'><strong>proportionem</strong></span> <span class='ocrx_word' id='word_1_9' title='bbox 922 497 1126 580; x_wconf 80' lang='lat' dir='ltr'><strong>sequentibus</strong></span> <span class='ocrx_word' id='word_1_10' title='bbox 1147 501 1293 583; x_wconf 74' lang='grc' dir='ltr'><strong><em>Λῑοχῖοος</em></strong></span> 
     </span>
     <span class='ocr_line' id='line_1_3' title="bbox 186 595 1292 684; baseline -0.001 -17"><span class='ocrx_word' id='word_1_11' title='bbox 186 598 381 669; x_wconf 83' lang='lat' dir='ltr'><strong>scribendum</strong></span> <span class='ocrx_word' id='word_1_12' title='bbox 402 599 461 663; x_wconf 90' lang='lat' dir='ltr'><strong>erit</strong></span> <span class='ocrx_word' id='word_1_13' title='bbox 480 604 515 662; x_wconf 93' lang='lat' dir='ltr'><strong>ut</strong></span> <span class='ocrx_word' id='word_1_14' title='bbox 529 600 695 676; x_wconf 71' lang='grc' dir='ltr'><strong><em>Καλλῖνος,</em></strong></span> <span class='ocrx_word' id='word_1_15' title='bbox 715 597 797 663; x_wconf 88' lang='lat' dir='ltr'><strong>uude</strong></span> <span class='ocrx_word' id='word_1_16' title='bbox 818 597 986 662; x_wconf 77' lang='lat' dir='ltr'><strong>tenuatum</strong></span> <span class='ocrx_word' id='word_1_17' title='bbox 1003 595 1193 683; x_wconf 79' lang='grc' dir='ltr'><strong><em>Αἰοχινάδης</em></strong></span> <span class='ocrx_word' id='word_1_18' title='bbox 1214 603 1292 684; x_wconf 86' lang='lat' dir='ltr'><strong>apud</strong></span> 
     </span>
     <span class='ocr_line' id='line_1_4' title="bbox 184 690 1289 779; baseline -0.001 -13"><span class='ocrx_word' id='word_1_19' title='bbox 184 697 425 779; x_wconf 76' lang='lat' dir='ltr'><strong>Aristophanem</strong></span> <span class='ocrx_word' id='word_1_20' title='bbox 444 697 510 759; x_wconf 90' lang='lat' dir='ltr'><strong>iota</strong></span> <span class='ocrx_word' id='word_1_21' title='bbox 533 697 659 779; x_wconf 89' lang='lat' dir='ltr'><strong>lengum</strong></span> <span class='ocrx_word' id='word_1_22' title='bbox 679 697 773 760; x_wconf 84' lang='lat' dir='ltr'><strong>babet</strong></span> <span class='ocrx_word' id='word_1_23' title='bbox 794 702 828 760; x_wconf 92' lang='lat' dir='ltr'><strong>ut</strong></span> <span class='ocrx_word' id='word_1_24' title='bbox 844 690 1029 777; x_wconf 72' lang='grc' dir='ltr'><strong><em>Χαρινάδης.</em></strong></span> <span class='ocrx_word' id='word_1_25' title='bbox 1060 696 1169 778; x_wconf 82' lang='lat' dir='ltr'><strong>Neque</strong></span> <span class='ocrx_word' id='word_1_26' title='bbox 1192 708 1289 765; x_wconf 86' lang='lat' dir='ltr'><strong>tamen</strong></span> 
     </span>
     <span class='ocr_line' id='line_1_5' title="bbox 188 793 1292 880; baseline 0 -16"><span class='ocrx_word' id='word_1_27' title='bbox 188 796 391 865; x_wconf 79' lang='lat' dir='ltr'><strong>dissimulabo</strong></span> <span class='ocrx_word' id='word_1_28' title='bbox 418 796 595 861; x_wconf 82' lang='lat' dir='ltr'><strong>Aeoclinne</strong></span> <span class='ocrx_word' id='word_1_29' title='bbox 620 796 654 859; x_wconf 91' lang='lat' dir='ltr'><strong>in</strong></span> <span class='ocrx_word' id='word_1_30' title='bbox 682 794 818 858; x_wconf 79' lang='lat' dir='ltr'><strong>Terentii</strong></span> <span class='ocrx_word' id='word_1_31' title='bbox 845 793 993 875; x_wconf 78' lang='lat' dir='ltr'><strong>Adelphis</strong></span> <span class='ocrx_word' id='word_1_32' title='bbox 1029 794 1148 861; x_wconf 91' lang='lat' dir='ltr'><strong>babere</strong></span> <span class='ocrx_word' id='word_1_33' title='bbox 1183 797 1292 880; x_wconf 73' lang='lat' dir='ltr'><strong>dactyli</strong></span> 
     </span>
     <span class='ocr_line' id='line_1_6' title="bbox 189 892 1290 976; baseline 0 -14"><span class='ocrx_word' id='word_1_34' title='bbox 189 910 380 976; x_wconf 86' lang='lat' dir='ltr'><strong>mensuram,</strong></span> <span class='ocrx_word' id='word_1_35' title='bbox 408 901 440 957; x_wconf 93' lang='lat' dir='ltr'><strong>et</strong></span> <span class='ocrx_word' id='word_1_36' title='bbox 466 910 523 975; x_wconf 95' lang='lat' dir='ltr'><strong>pro</strong></span> <span class='ocrx_word' id='word_1_37' title='bbox 551 894 604 957; x_wconf 94' lang='lat' dir='ltr'><strong>illo</strong></span> <span class='ocrx_word' id='word_1_38' title='bbox 634 892 817 957; x_wconf 83' lang='lat' dir='ltr'><strong>lleiuelrium</strong></span> <span class='ocrx_word' id='word_1_39' title='bbox 845 893 877 956; x_wconf 92' lang='lat' dir='ltr'><strong>iu</strong></span> <span class='ocrx_word' id='word_1_40' title='bbox 904 893 989 957; x_wconf 84' lang='lat' dir='ltr'><strong>Com.</strong></span> <span class='ocrx_word' id='word_1_41' title='bbox 1013 892 1290 973; x_wconf 75' lang='grc' dir='ltr'><strong>11ιςοι.111.511.</strong></span> 
     </span>
     <span class='ocr_line' id='line_1_7' title="bbox 190 987 1292 1073; baseline 0.001 -13"><span class='ocrx_word' id='word_1_42' title='bbox 190 987 546 1073; x_wconf 73' lang='lat' dir='ltr'><strong>scribereAlepveellipc.</strong></span> <span class='ocrx_word' id='word_1_43' title='bbox 578 990 657 1055; x_wconf 86' lang='lat' dir='ltr'><strong>illotl</strong></span> <span class='ocrx_word' id='word_1_44' title='bbox 682 1007 835 1055; x_wconf 85' lang='lat' dir='ltr'><strong>excusare</strong></span> <span class='ocrx_word' id='word_1_45' title='bbox 857 992 965 1056; x_wconf 89' lang='lat' dir='ltr'><strong>nescio</strong></span> <span class='ocrx_word' id='word_1_46' title='bbox 987 992 1047 1055; x_wconf 90' lang='lat' dir='ltr'><strong>uisi</strong></span> <span class='ocrx_word' id='word_1_47' title='bbox 1069 991 1215 1059; x_wconf 91' lang='lat' dir='ltr'><strong>licentiae</strong></span> <span class='ocrx_word' id='word_1_48' title='bbox 1236 1013 1292 1061; x_wconf 85' lang='lat' dir='ltr'><strong>uc·</strong></span> 
     </span>
     <span class='ocr_line' id='line_1_8' title="bbox 188 1086 1292 1177; baseline 0.001 -18"><span class='ocrx_word' id='word_1_49' title='bbox 188 1095 280 1177; x_wconf 84' lang='lat' dir='ltr'><strong>mine,</strong></span> <span class='ocrx_word' id='word_1_50' title='bbox 301 1108 362 1173; x_wconf 83' lang='lat' dir='ltr'><strong>qua</strong></span> <span class='ocrx_word' id='word_1_51' title='bbox 381 1091 510 1155; x_wconf 89' lang='lat' dir='ltr'><strong>Plautus</strong></span> <span class='ocrx_word' id='word_1_52' title='bbox 529 1091 563 1153; x_wconf 91' lang='lat' dir='ltr'><strong>iu</strong></span> <span class='ocrx_word' id='word_1_53' title='bbox 583 1089 758 1153; x_wconf 90' lang='lat' dir='ltr'><strong>nominibus</strong></span> <span class='ocrx_word' id='word_1_54' title='bbox 774 1086 960 1153; x_wconf 84' lang='lat' dir='ltr'><strong>Graecorum</strong></span> <span class='ocrx_word' id='word_1_55' title='bbox 983 1092 1120 1171; x_wconf 88' lang='lat' dir='ltr'><strong>propriis</strong></span> <span class='ocrx_word' id='word_1_56' title='bbox 1143 1110 1292 1177; x_wconf 85' lang='lat' dir='ltr'><strong>persaepe</strong></span> 
     </span>
     <span class='ocr_line' id='line_1_9' title="bbox 188 1187 1291 1271; baseline 0.002 -14"><span class='ocrx_word' id='word_1_57' title='bbox 188 1207 266 1257; x_wconf 91' lang='lat' dir='ltr'><strong>usus</strong></span> <span class='ocrx_word' id='word_1_58' title='bbox 293 1195 351 1255; x_wconf 89' lang='lat' dir='ltr'><strong>est.</strong></span> <span class='ocrx_word' id='word_1_59' title='bbox 370 1188 509 1253; x_wconf 81' lang='lat' dir='ltr'><strong>Alterum</strong></span> <span class='ocrx_word' id='word_1_60' title='bbox 537 1188 678 1271; x_wconf 82' lang='lat' dir='ltr'><strong>probabo</strong></span> <span class='ocrx_word' id='word_1_61' title='bbox 705 1187 734 1250; x_wconf 93' lang='lat' dir='ltr'><strong>si</strong></span> <span class='ocrx_word' id='word_1_62' title='bbox 760 1187 830 1267; x_wconf 83' lang='lat' dir='ltr'><strong>quis</strong></span> <span class='ocrx_word' id='word_1_63' title='bbox 859 1189 1030 1269; x_wconf 74' lang='lat' dir='ltr'><strong>exemplum</strong></span> <span class='ocrx_word' id='word_1_64' title='bbox 1058 1190 1152 1271; x_wconf 88' lang='lat' dir='ltr'><strong>bajus</strong></span> <span class='ocrx_word' id='word_1_65' title='bbox 1177 1195 1291 1259; x_wconf 79' lang='lat' dir='ltr'><strong>formae</strong></span> 
     </span>
     <span class='ocr_line' id='line_1_10' title="bbox 188 1280 1291 1373; baseline 0 -17"><span class='ocrx_word' id='word_1_66' title='bbox 188 1289 398 1373; x_wconf 71' lang='lat' dir='ltr'><strong>suggesserit,</strong></span> <span class='ocrx_word' id='word_1_67' title='bbox 422 1280 597 1369; x_wconf 75' lang='grc' dir='ltr'><strong>’Λμννάὸης</strong></span> <span class='ocrx_word' id='word_1_68' title='bbox 615 1285 666 1349; x_wconf 85' lang='lat' dir='ltr'><strong>uel</strong></span> <span class='ocrx_word' id='word_1_69' title='bbox 686 1285 795 1349; x_wconf 90' lang='lat' dir='ltr'><strong>similo.</strong></span> <span class='ocrx_word' id='word_1_70' title='bbox 816 1285 890 1349; x_wconf 89' lang='lat' dir='ltr'><strong>blibi</strong></span> <span class='ocrx_word' id='word_1_71' title='bbox 904 1280 1032 1366; x_wconf 83' lang='lat' dir='ltr'><strong>quidem</strong></span> <span class='ocrx_word' id='word_1_72' title='bbox 1060 1289 1183 1354; x_wconf 89' lang='lat' dir='ltr'><strong>verba</strong></span> <span class='ocrx_word' id='word_1_73' title='bbox 1174 1309 1205 1355; x_wconf 91' lang='lat' dir='ltr'><strong>ru</strong></span> <span class='ocrx_word' id='word_1_74' title='bbox 1228 1316 1291 1356; x_wconf 84' lang='lat' dir='ltr'><strong>ovo</strong></span> 
     </span>
     <span class='ocr_line' id='line_1_11' title="bbox 189 1382 1290 1481; baseline 0.001 -26"><span class='ocrx_word' id='word_1_75' title='bbox 189 1387 336 1455; x_wconf 78' lang='lat' dir='ltr'><strong>exeuntia</strong></span> <span class='ocrx_word' id='word_1_76' title='bbox 355 1385 504 1450; x_wconf 90' lang='lat' dir='ltr'><strong>memoria</strong></span> <span class='ocrx_word' id='word_1_77' title='bbox 411 1384 691 1481; x_wconf 43' lang='lat' dir='ltr'><strong>*repetente</strong></span> <span class='ocrx_word' id='word_1_78' title='bbox 721 1383 836 1447; x_wconf 91' lang='lat' dir='ltr'><strong>nullum</strong></span> <span class='ocrx_word' id='word_1_79' title='bbox 862 1382 969 1447; x_wconf 90' lang='lat' dir='ltr'><strong>incidit</strong></span> <span class='ocrx_word' id='word_1_80' title='bbox 995 1401 1108 1450; x_wconf 90' lang='lat' dir='ltr'><strong>nomeu</strong></span> <span class='ocrx_word' id='word_1_81' title='bbox 1136 1393 1290 1472; x_wconf 89' lang='lat' dir='ltr'><strong>proprium</strong></span> 
     </span>
     <span class='ocr_line' id='line_1_12' title="bbox 188 1472 1290 1567; baseline 0 -13"><span class='ocrx_word' id='word_1_82' title='bbox 188 1490 222 1554; x_wconf 92' lang='lat' dir='ltr'><strong>in</strong></span> <span class='ocrx_word' id='word_1_83' title='bbox 241 1508 319 1562; x_wconf 87' lang='grc' dir='ltr'><strong><em>ννος</em></strong></span> <span class='ocrx_word' id='word_1_84' title='bbox 242 1472 388 1549; x_wconf 54' lang='lat' dir='ltr'><strong>‘rel</strong></span> <span class='ocrx_word' id='word_1_85' title='bbox 407 1485 526 1567; x_wconf 63' lang='lat' dir='ltr'><strong>moces</strong></span> <span class='ocrx_word' id='word_1_86' title='bbox 551 1484 744 1548; x_wconf 84' lang='lat' dir='ltr'><strong>declinatum</strong></span> <span class='ocrx_word' id='word_1_87' title='bbox 780 1481 836 1546; x_wconf 88' lang='lat' dir='ltr'><strong>iiis</strong></span> <span class='ocrx_word' id='word_1_88' title='bbox 864 1481 1036 1563; x_wconf 78' lang='lat' dir='ltr'><strong>explanatis</strong></span> <span class='ocrx_word' id='word_1_89' title='bbox 1064 1485 1105 1549; x_wconf 79' lang='lat' dir='ltr'><strong>ael</strong></span> <span class='ocrx_word' id='word_1_90' title='bbox 1134 1487 1290 1554; x_wconf 87' lang='lat' dir='ltr'><strong>Gramma·</strong></span> 
     </span>
     <span class='ocr_line' id='line_1_13' title="bbox 190 1580 1289 1668; baseline -0.001 -16"><span class='ocrx_word' id='word_1_91' title='bbox 190 1589 284 1652; x_wconf 87' lang='lat' dir='ltr'><strong>ticum</strong></span> <span class='ocrx_word' id='word_1_92' title='bbox 303 1601 353 1649; x_wconf 93' lang='lat' dir='ltr'><strong>me</strong></span> <span class='ocrx_word' id='word_1_93' title='bbox 373 1585 491 1665; x_wconf 81' lang='lat' dir='ltr'><strong>refero,</strong></span> <span class='ocrx_word' id='word_1_94' title='bbox 517 1586 606 1662; x_wconf 79' lang='lat' dir='ltr'><strong>eujus</strong></span> <span class='ocrx_word' id='word_1_95' title='bbox 633 1580 764 1644; x_wconf 84' lang='lat' dir='ltr'><strong>uerba</strong></span> <span class='ocrx_word' id='word_1_96' title='bbox 755 1598 786 1644; x_wconf 92' lang='grc' dir='ltr'><strong>ιιι</strong></span> <span class='ocrx_word' id='word_1_97' title='bbox 815 1582 966 1662; x_wconf 92' lang='lat' dir='ltr'><strong>principio</strong></span> <span class='ocrx_word' id='word_1_98' title='bbox 995 1580 1086 1661; x_wconf 75' lang='lat' dir='ltr'><strong>buius</strong></span> <span class='ocrx_word' id='word_1_99' title='bbox 1108 1588 1289 1668; x_wconf 85' lang='lat' dir='ltr'><strong>paragraphi</strong></span> 
     </span>
     <span class='ocr_line' id='line_1_14' title="bbox 189 1678 1071 1767; baseline -0.008 -17"><span class='ocrx_word' id='word_1_100' title='bbox 189 1683 338 1767; x_wconf 87' lang='lat' dir='ltr'><strong>apposui,</strong></span> <span class='ocrx_word' id='word_1_101' title='bbox 359 1697 441 1743; x_wconf 88' lang='lat' dir='ltr'><strong>nuuc</strong></span> <span class='ocrx_word' id='word_1_102' title='bbox 461 1695 536 1743; x_wconf 84' lang='lat' dir='ltr'><strong>vero</strong></span> <span class='ocrx_word' id='word_1_103' title='bbox 558 1678 706 1759; x_wconf 88' lang='lat' dir='ltr'><strong>reliquum</strong></span> <span class='ocrx_word' id='word_1_104' title='bbox 727 1695 901 1744; x_wconf 90' lang='lat' dir='ltr'><strong>sermonem</strong></span> <span class='ocrx_word' id='word_1_105' title='bbox 923 1680 1071 1746; x_wconf 80' lang='lat' dir='ltr'><strong>evolvam.</strong></span> 
     </span>
    </p>

    <p class='ocr_par' dir='ltr' id='par_1_3' title="bbox 184 1776 1290 4123">
     <span class='ocr_line' id='line_1_15' title="bbox 271 1776 1289 1861; baseline 0.003 -17"><span class='ocrx_word' id='word_1_106' title='bbox 271 1788 302 1855; x_wconf 73' lang='lat'><strong>§-</strong></span> <span class='ocrx_word' id='word_1_107' title='bbox 324 1779 354 1844; x_wconf 88' lang='grc'><strong>3.</strong></span> <span class='ocrx_word' id='word_1_108' title='bbox 397 1778 451 1842; x_wconf 93' lang='lat' dir='ltr'><strong>llle</strong></span> <span class='ocrx_word' id='word_1_109' title='bbox 471 1778 564 1859; x_wconf 91' lang='lat' dir='ltr'><strong>igitur</strong></span> <span class='ocrx_word' id='word_1_110' title='bbox 584 1776 714 1841; x_wconf 87' lang='lat' dir='ltr'><strong>ethnicis</strong></span> <span class='ocrx_word' id='word_1_111' title='bbox 728 1780 925 1860; x_wconf 86' lang='lat' dir='ltr'><strong>propriisque</strong></span> <span class='ocrx_word' id='word_1_112' title='bbox 942 1778 1077 1843; x_wconf 85' lang='lat' dir='ltr'><strong>adnectit</strong></span> <span class='ocrx_word' id='word_1_113' title='bbox 1090 1782 1221 1861; x_wconf 90' lang='lat' dir='ltr'><strong>primum</strong></span> <span class='ocrx_word' id='word_1_114' title='bbox 1237 1782 1289 1847; x_wconf 81' lang='lat' dir='ltr'><strong>atl-</strong></span> 
     </span>
     <span class='ocr_line' id='line_1_16' title="bbox 185 1875 1289 1962; baseline 0.001 -18"><span class='ocrx_word' id='word_1_115' title='bbox 185 1879 303 1962; x_wconf 76' lang='lat' dir='ltr'><strong>Jectiua</strong></span> <span class='ocrx_word' id='word_1_116' title='bbox 323 1877 465 1956; x_wconf 74' lang='lat' dir='ltr'><strong>subiecto</strong></span> <span class='ocrx_word' id='word_1_117' title='bbox 488 1876 630 1957; x_wconf 80' lang='lat' dir='ltr'><strong>exemplo</strong></span> <span class='ocrx_word' id='word_1_118' title='bbox 651 1876 743 1939; x_wconf 91' lang='lat' dir='ltr'><strong>uuico</strong></span> <span class='ocrx_word' id='word_1_119' title='bbox 766 1883 797 1939; x_wconf 88' lang='lat' dir='ltr'><strong>et</strong></span> <span class='ocrx_word' id='word_1_120' title='bbox 815 1877 922 1958; x_wconf 89' lang='lat' dir='ltr'><strong>inepto</strong></span> <span class='ocrx_word' id='word_1_121' title='bbox 942 1875 1071 1959; x_wconf 75' lang='grc' dir='ltr'><strong><em>ρργῑνος</em></strong></span> <span class='ocrx_word' id='word_1_122' title='bbox 1090 1876 1233 1958; x_wconf 66' lang='lat' dir='ltr'><strong>boemos,</strong></span> <span class='ocrx_word' id='word_1_123' title='bbox 1256 1881 1289 1945; x_wconf 89' lang='lat' dir='ltr'><strong>de</strong></span> 
     </span>
     <span class='ocr_line' id='line_1_17' title="bbox 188 1973 1289 2060; baseline 0.001 -18"><span class='ocrx_word' id='word_1_124' title='bbox 188 1996 251 2060; x_wconf 83' lang='lat' dir='ltr'><strong>quo</strong></span> <span class='ocrx_word' id='word_1_125' title='bbox 272 1976 480 2055; x_wconf 82' lang='lat' dir='ltr'><strong>llbeginorum</strong></span> <span class='ocrx_word' id='word_1_126' title='bbox 502 1973 672 2055; x_wconf 89' lang='lat' dir='ltr'><strong>opprobrio</strong></span> <span class='ocrx_word' id='word_1_127' title='bbox 696 1973 813 2038; x_wconf 88' lang='lat' dir='ltr'><strong>erudite</strong></span> <span class='ocrx_word' id='word_1_128' title='bbox 834 1974 982 2040; x_wconf 85' lang='lat' dir='ltr'><strong>disseruit</strong></span> <span class='ocrx_word' id='word_1_129' title='bbox 1002 1977 1136 2041; x_wconf 71' lang='lat' dir='ltr'><strong>libertus</strong></span> <span class='ocrx_word' id='word_1_130' title='bbox 1164 1980 1198 2043; x_wconf 90' lang='lat' dir='ltr'><strong>iu</strong></span> <span class='ocrx_word' id='word_1_131' title='bbox 1218 1980 1289 2044; x_wconf 89' lang='lat' dir='ltr'><strong>Dis·</strong></span> 
     </span>
     <span class='ocr_line' id='line_1_18' title="bbox 189 2070 1290 2157; baseline -0.002 -15"><span class='ocrx_word' id='word_1_132' title='bbox 189 2083 263 2141; x_wconf 87' lang='lat' dir='ltr'><strong>sert.</strong></span> <span class='ocrx_word' id='word_1_133' title='bbox 286 2074 380 2141; x_wconf 91' lang='lat' dir='ltr'><strong>Sicul.</strong></span> <span class='ocrx_word' id='word_1_134' title='bbox 402 2090 431 2154; x_wconf 92' lang='lat' dir='ltr'><strong>p.</strong></span> <span class='ocrx_word' id='word_1_135' title='bbox 454 2070 522 2137; x_wconf 83' lang='grc'><strong>189.</strong></span> <span class='ocrx_word' id='word_1_136' title='bbox 543 2071 599 2135; x_wconf 88' lang='lat' dir='ltr'><strong>sed</strong></span> <span class='ocrx_word' id='word_1_137' title='bbox 618 2072 719 2134; x_wconf 90' lang='lat' dir='ltr'><strong>miuus</strong></span> <span class='ocrx_word' id='word_1_138' title='bbox 741 2078 826 2136; x_wconf 90' lang='lat' dir='ltr'><strong>recte</strong></span> <span class='ocrx_word' id='word_1_139' title='bbox 847 2072 981 2139; x_wconf 83' lang='lat' dir='ltr'><strong>defendit</strong></span> <span class='ocrx_word' id='word_1_140' title='bbox 1002 2075 1155 2157; x_wconf 83' lang='lat' dir='ltr'><strong>vulgatum</strong></span> <span class='ocrx_word' id='word_1_141' title='bbox 1172 2075 1290 2157; x_wconf 76' lang='grc' dir='ltr'><strong><em>ριγῐοος</em></strong></span> 
     </span>
     <span class='ocr_line' id='line_1_19' title="bbox 187 2169 1289 2258; baseline -0.003 -17"><span class='ocrx_word' id='word_1_142' title='bbox 187 2183 334 2258; x_wconf 81' lang='lat' dir='ltr'><strong>tunquam</strong></span> <span class='ocrx_word' id='word_1_143' title='bbox 355 2190 375 2236; x_wconf 87' lang='lat' dir='ltr'><strong>a</strong></span> <span class='ocrx_word' id='word_1_144' title='bbox 395 2170 492 2252; x_wconf 65' lang='lat' dir='ltr'><strong>§mdo</strong></span> <span class='ocrx_word' id='word_1_145' title='bbox 512 2171 694 2251; x_wconf 88' lang='lat' dir='ltr'><strong>protectum.</strong></span> <span class='ocrx_word' id='word_1_146' title='bbox 733 2169 811 2235; x_wconf 90' lang='lat' dir='ltr'><strong>lllud</strong></span> <span class='ocrx_word' id='word_1_147' title='bbox 823 2189 896 2235; x_wconf 84' lang='lat' dir='ltr'><strong>vero</strong></span> <span class='ocrx_word' id='word_1_148' title='bbox 909 2190 973 2238; x_wconf 92' lang='lat' dir='ltr'><strong>uon</strong></span> <span class='ocrx_word' id='word_1_149' title='bbox 990 2174 1090 2254; x_wconf 86' lang='lat' dir='ltr'><strong>magis</strong></span> <span class='ocrx_word' id='word_1_150' title='bbox 1107 2174 1289 2254; x_wconf 79' lang='lat' dir='ltr'><strong>adjectivum</strong></span> 
     </span>
     <span class='ocr_line' id='line_1_20' title="bbox 187 2264 1289 2358; baseline -0.003 -17"><span class='ocrx_word' id='word_1_151' title='bbox 187 2282 239 2341; x_wconf 88' lang='lat' dir='ltr'><strong>est</strong></span> <span class='ocrx_word' id='word_1_152' title='bbox 259 2289 351 2358; x_wconf 85' lang='lat' dir='ltr'><strong>quam</strong></span> <span class='ocrx_word' id='word_1_153' title='bbox 370 2264 538 2347; x_wconf 74' lang='grc' dir='ltr'><strong><em>Αἰξωνεύς,</em></strong></span> <span class='ocrx_word' id='word_1_154' title='bbox 560 2270 588 2331; x_wconf 91' lang='lat' dir='ltr'><strong>si</strong></span> <span class='ocrx_word' id='word_1_155' title='bbox 608 2284 666 2350; x_wconf 92' lang='lat' dir='ltr'><strong>pro</strong></span> <span class='ocrx_word' id='word_1_156' title='bbox 689 2268 910 2334; x_wconf 78' lang='lat' dir='ltr'><strong>calumniatore</strong></span> <span class='ocrx_word' id='word_1_157' title='bbox 931 2270 1060 2355; x_wconf 85' lang='lat' dir='ltr'><strong>licitur,</strong></span> <span class='ocrx_word' id='word_1_158' title='bbox 1080 2272 1131 2336; x_wconf 87' lang='lat' dir='ltr'><strong>rel</strong></span> <span class='ocrx_word' id='word_1_159' title='bbox 1149 2266 1289 2357; x_wconf 73' lang='grc' dir='ltr'><strong><em>Ἀβδηρί-</em></strong></span> 
     </span>
     <span class='ocr_line' id='line_1_21' title="bbox 187 2366 1289 2456; baseline 0 -20"><span class='ocrx_word' id='word_1_160' title='bbox 187 2395 251 2456; x_wconf 68' lang='grc' dir='ltr'><strong><em>της,</em></strong></span> <span class='ocrx_word' id='word_1_161' title='bbox 274 2375 301 2437; x_wconf 92' lang='lat' dir='ltr'><strong>si</strong></span> <span class='ocrx_word' id='word_1_162' title='bbox 323 2388 381 2455; x_wconf 91' lang='lat' dir='ltr'><strong>pro</strong></span> <span class='ocrx_word' id='word_1_163' title='bbox 401 2366 498 2433; x_wconf 84' lang='lat' dir='ltr'><strong>stulto</strong></span> <span class='ocrx_word' id='word_1_164' title='bbox 519 2384 548 2431; x_wconf 84' lang='lat' dir='ltr'><strong>u.</strong></span> <span class='ocrx_word' id='word_1_165' title='bbox 568 2366 726 2432; x_wconf 82' lang='lat' dir='ltr'><strong>ltubnken.</strong></span> <span class='ocrx_word' id='word_1_166' title='bbox 747 2367 787 2431; x_wconf 81' lang='lat' dir='ltr'><strong>aul</strong></span> <span class='ocrx_word' id='word_1_167' title='bbox 809 2367 883 2431; x_wconf 84' lang='lat' dir='ltr'><strong>Tim.</strong></span> <span class='ocrx_word' id='word_1_168' title='bbox 907 2387 936 2451; x_wconf 89' lang='lat' dir='ltr'><strong>p.</strong></span> <span class='ocrx_word' id='word_1_169' title='bbox 958 2370 1006 2436; x_wconf 83' lang='lat'><strong>15.</strong></span> <span class='ocrx_word' id='word_1_170' title='bbox 1035 2371 1193 2453; x_wconf 86' lang='lat' dir='ltr'><strong>Deinceps</strong></span> <span class='ocrx_word' id='word_1_171' title='bbox 1215 2373 1289 2436; x_wconf 84' lang='lat' dir='ltr'><strong>sub-</strong></span> 
     </span>
     <span class='ocr_line' id='line_1_22' title="bbox 188 2463 1288 2551; baseline -0.003 -15"><span class='ocrx_word' id='word_1_172' title='bbox 188 2472 338 2536; x_wconf 85' lang='lat' dir='ltr'><strong>stantiva:</strong></span> <span class='ocrx_word' id='word_1_173' title='bbox 365 2463 479 2549; x_wconf 77' lang='grc' dir='ltr'><strong><em>ἐχῖνος,</em></strong></span> <span class='ocrx_word' id='word_1_174' title='bbox 499 2467 673 2546; x_wconf 74' lang='grc' dir='ltr'><strong><em>νελαοῖνος,</em></strong></span> <span class='ocrx_word' id='word_1_175' title='bbox 700 2482 780 2545; x_wconf 84' lang='lat' dir='ltr'><strong>quae</strong></span> <span class='ocrx_word' id='word_1_176' title='bbox 811 2481 875 2529; x_wconf 92' lang='lat' dir='ltr'><strong>nou</strong></span> <span class='ocrx_word' id='word_1_177' title='bbox 902 2466 1039 2546; x_wconf 84' lang='lat' dir='ltr'><strong>ejusdem</strong></span> <span class='ocrx_word' id='word_1_178' title='bbox 1062 2475 1134 2531; x_wconf 87' lang='lat' dir='ltr'><strong>sunt</strong></span> <span class='ocrx_word' id='word_1_179' title='bbox 1155 2472 1288 2551; x_wconf 88' lang='lat' dir='ltr'><strong>generis,</strong></span> 
     </span>
     <span class='ocr_line' id='line_1_23' title="bbox 189 2563 1288 2645; baseline -0.003 -12"><span class='ocrx_word' id='word_1_180' title='bbox 189 2568 245 2633; x_wconf 85' lang='lat' dir='ltr'><strong>sed</strong></span> <span class='ocrx_word' id='word_1_181' title='bbox 261 2565 335 2630; x_wconf 88' lang='lat' dir='ltr'><strong>illud</strong></span> <span class='ocrx_word' id='word_1_182' title='bbox 358 2568 593 2645; x_wconf 75' lang='lat' dir='ltr'><strong>excecatum,</strong></span> <span class='ocrx_word' id='word_1_183' title='bbox 622 2563 705 2643; x_wconf 85' lang='lat' dir='ltr'><strong>quod</strong></span> <span class='ocrx_word' id='word_1_184' title='bbox 735 2579 833 2642; x_wconf 90' lang='lat' dir='ltr'><strong>genus</strong></span> <span class='ocrx_word' id='word_1_185' title='bbox 861 2582 1035 2630; x_wconf 88' lang='lat' dir='ltr'><strong>sermonem</strong></span> <span class='ocrx_word' id='word_1_186' title='bbox 1064 2571 1288 2632; x_wconf 90' lang='lat' dir='ltr'><strong>nostrumnon</strong></span> 
     </span>
     <span class='ocr_line' id='line_1_24' title="bbox 188 2660 1288 2745; baseline -0.001 -15"><span class='ocrx_word' id='word_1_187' title='bbox 188 2664 341 2742; x_wconf 87' lang='lat' dir='ltr'><strong>contingit</strong></span> <span class='ocrx_word' id='word_1_188' title='bbox 360 2663 422 2726; x_wconf 91' lang='lat' dir='ltr'><strong>uisi</strong></span> <span class='ocrx_word' id='word_1_189' title='bbox 442 2666 595 2742; x_wconf 85' lang='lat' dir='ltr'><strong>quatenus</strong></span> <span class='ocrx_word' id='word_1_190' title='bbox 618 2678 637 2724; x_wconf 92' lang='lat' dir='ltr'><strong>a</strong></span> <span class='ocrx_word' id='word_1_191' title='bbox 658 2660 870 2726; x_wconf 86' lang='lat' dir='ltr'><strong>Grammaticis</strong></span> <span class='ocrx_word' id='word_1_192' title='bbox 891 2665 1058 2727; x_wconf 81' lang='lat' dir='ltr'><strong>immixtum</strong></span> <span class='ocrx_word' id='word_1_193' title='bbox 1079 2669 1138 2745; x_wconf 89' lang='lat' dir='ltr'><strong>est,</strong></span> <span class='ocrx_word' id='word_1_194' title='bbox 1162 2664 1288 2729; x_wconf 90' lang='lat' dir='ltr'><strong>alterum</strong></span> 
     </span>
     <span class='ocr_line' id='line_1_25' title="bbox 187 2757 1288 2847; baseline -0.002 -19"><span class='ocrx_word' id='word_1_195' title='bbox 187 2777 377 2847; x_wconf 77' lang='lat' dir='ltr'><strong>paragogum</strong></span> <span class='ocrx_word' id='word_1_196' title='bbox 408 2757 617 2840; x_wconf 83' lang='lat' dir='ltr'><strong>exemplorum</strong></span> <span class='ocrx_word' id='word_1_197' title='bbox 649 2775 775 2824; x_wconf 88' lang='lat' dir='ltr'><strong>numero</strong></span> <span class='ocrx_word' id='word_1_198' title='bbox 805 2762 946 2825; x_wconf 88' lang='lat' dir='ltr'><strong>manime.</strong></span> <span class='ocrx_word' id='word_1_199' title='bbox 988 2763 1036 2826; x_wconf 88' lang='grc' dir='ltr'><strong>Ειι</strong></span> <span class='ocrx_word' id='word_1_200' title='bbox 1056 2767 1190 2842; x_wconf 82' lang='lat' dir='ltr'><strong>utroque</strong></span> <span class='ocrx_word' id='word_1_201' title='bbox 1213 2780 1288 2826; x_wconf 92' lang='lat' dir='ltr'><strong>cou-</strong></span> 
     </span>
     <span class='ocr_line' id='line_1_26' title="bbox 188 2855 1288 2941; baseline -0.004 -12"><span class='ocrx_word' id='word_1_202' title='bbox 188 2863 261 2930; x_wconf 83' lang='lat' dir='ltr'><strong>bata</strong></span> <span class='ocrx_word' id='word_1_203' title='bbox 282 2867 353 2925; x_wconf 88' lang='lat' dir='ltr'><strong>suut</strong></span> <span class='ocrx_word' id='word_1_204' title='bbox 374 2859 498 2923; x_wconf 89' lang='lat' dir='ltr'><strong>uomina</strong></span> <span class='ocrx_word' id='word_1_205' title='bbox 520 2856 707 2937; x_wconf 87' lang='lat' dir='ltr'><strong>aquatilium,</strong></span> <span class='ocrx_word' id='word_1_206' title='bbox 729 2855 899 2937; x_wconf 86' lang='lat' dir='ltr'><strong>dequibus</strong></span> <span class='ocrx_word' id='word_1_207' title='bbox 927 2860 971 2923; x_wconf 90' lang='lat' dir='ltr'><strong>illi</strong></span> <span class='ocrx_word' id='word_1_208' title='bbox 1000 2860 1166 2941; x_wconf 81' lang='lat' dir='ltr'><strong>explanate</strong></span> <span class='ocrx_word' id='word_1_209' title='bbox 1187 2860 1288 2926; x_wconf 73' lang='lat' dir='ltr'><strong>disse</strong></span> 
     </span>
     <span class='ocr_line' id='line_1_27' title="bbox 187 2943 1287 3035; baseline -0.005 -8"><span class='ocrx_word' id='word_1_210' title='bbox 187 2967 276 3027; x_wconf 87' lang='lat' dir='ltr'><strong>ruut:</strong></span> <span class='ocrx_word' id='word_1_211' title='bbox 302 2953 350 3022; x_wconf 86' lang='grc' dir='ltr'><strong>Τὰ</strong></span> <span class='ocrx_word' id='word_1_212' title='bbox 370 2943 499 3031; x_wconf 65' lang='grc' dir='ltr'><strong><em>εἰς-</em></strong></span> <span class='ocrx_word' id='word_1_213' title='bbox 433 2977 500 3029; x_wconf 88' lang='grc' dir='ltr'><strong><em>ινος</em></strong></span> <span class='ocrx_word' id='word_1_214' title='bbox 519 2949 639 3035; x_wconf 82' lang='grc' dir='ltr'><strong><em>μακρὸν</em></strong></span> <span class='ocrx_word' id='word_1_215' title='bbox 657 2950 817 3034; x_wconf 73' lang='grc' dir='ltr'><strong><em>ἔχοντα</em></strong></span> <span class='ocrx_word' id='word_1_216' title='bbox 785 2978 821 3018; x_wconf 79' lang='grc' dir='ltr'><strong><em>το</em></strong></span> <span class='ocrx_word' id='word_1_217' title='bbox 843 2980 854 3019; x_wconf 91' lang='grc' dir='ltr'><strong>ι</strong></span> <span class='ocrx_word' id='word_1_218' title='bbox 874 2953 934 3021; x_wconf 85' lang='grc' dir='ltr'><strong>ὅσα</strong></span> <span class='ocrx_word' id='word_1_219' title='bbox 959 2954 995 3022; x_wconf 70' lang='grc' dir='ltr'><strong>ἐν</strong></span> <span class='ocrx_word' id='word_1_220' title='bbox 1019 2953 1111 3021; x_wconf 73' lang='grc' dir='ltr'>ὕδατι</span> <span class='ocrx_word' id='word_1_221' title='bbox 1139 2957 1287 3022; x_wconf 75' lang='grc' dir='ltr'>διαιτᾶται</span> 
     </span>
     <span class='ocr_line' id='line_1_28' title="bbox 188 3050 1288 3140; baseline -0.002 -19"><span class='ocrx_word' id='word_1_222' title='bbox 188 3058 464 3137; x_wconf 76' lang='grc' dir='ltr'><strong><em>προπεριοαῶνιαι,</em></strong></span> <span class='ocrx_word' id='word_1_223' title='bbox 485 3050 600 3135; x_wconf 82' lang='grc' dir='ltr'><strong><em>ἐχῖνος,</em></strong></span> <span class='ocrx_word' id='word_1_224' title='bbox 628 3057 809 3133; x_wconf 81' lang='grc' dir='ltr'><strong><em>κορακῖνος,</em></strong></span> <span class='ocrx_word' id='word_1_225' title='bbox 838 3055 981 3136; x_wconf 79' lang='grc' dir='ltr'><strong><em>φοξῖνος,</em></strong></span> <span class='ocrx_word' id='word_1_226' title='bbox 1010 3060 1173 3137; x_wconf 85' lang='grc' dir='ltr'><strong><em>καρκῖνος</em></strong></span> <span class='ocrx_word' id='word_1_227' title='bbox 1201 3054 1288 3140; x_wconf 66' lang='grc' dir='ltr'><strong><em>ἐχρῆν</em></strong></span> 
     </span>
     <span class='ocr_line' id='line_1_29' title="bbox 188 3148 1288 3239; baseline 0.001 -21"><span class='ocrx_word' id='word_1_228' title='bbox 188 3149 268 3219; x_wconf 80' lang='grc' dir='ltr'><strong><em>κατὰ</em></strong></span> <span class='ocrx_word' id='word_1_229' title='bbox 294 3150 331 3215; x_wconf 87' lang='grc' dir='ltr'><strong>τὸ</strong></span> <span class='ocrx_word' id='word_1_230' title='bbox 362 3151 445 3233; x_wconf 84' lang='lat' dir='ltr'><strong>(cuti.</strong></span> <span class='ocrx_word' id='word_1_231' title='bbox 471 3150 525 3214; x_wconf 79' lang='lat' dir='ltr'><strong>eal</strong></span> <span class='ocrx_word' id='word_1_232' title='bbox 544 3148 593 3234; x_wconf 84' lang='grc' dir='ltr'><strong>τὸ)</strong></span> <span class='ocrx_word' id='word_1_233' title='bbox 621 3156 748 3232; x_wconf 82' lang='grc' dir='ltr'><strong><em>γυρῖνος</em></strong></span> <span class='ocrx_word' id='word_1_234' title='bbox 767 3156 1036 3235; x_wconf 80' lang='grc' dir='ltr'>προπερισαιᾶσθαι</span> <span class='ocrx_word' id='word_1_235' title='bbox 1061 3150 1081 3218; x_wconf 83' lang='grc' dir='ltr'>ὁ</span> <span class='ocrx_word' id='word_1_236' title='bbox 1102 3149 1215 3236; x_wconf 81' lang='grc' dir='ltr'><strong><em>μικρὸς</em></strong></span> <span class='ocrx_word' id='word_1_237' title='bbox 1233 3152 1288 3239; x_wconf 80' lang='grc' dir='ltr'><strong>βά-</strong></span> 
     </span>
     <span class='ocr_line' id='line_1_30' title="bbox 187 3243 1288 3337; baseline 0.002 -21"><span class='ocrx_word' id='word_1_238' title='bbox 187 3272 307 3337; x_wconf 79' lang='grc' dir='ltr'><strong><em>τραχος.</em></strong></span> <span class='ocrx_word' id='word_1_239' title='bbox 339 3245 467 3313; x_wconf 82' lang='grc' dir='ltr'><strong><em>Σαάνια</em></strong></span> <span class='ocrx_word' id='word_1_240' title='bbox 486 3247 521 3313; x_wconf 79' lang='grc' dir='ltr'><strong>δὲ</strong></span> <span class='ocrx_word' id='word_1_241' title='bbox 540 3245 579 3313; x_wconf 80' lang='grc' dir='ltr'><strong>τὰ</strong></span> <span class='ocrx_word' id='word_1_242' title='bbox 599 3243 748 3328; x_wconf 85' lang='grc' dir='ltr'><strong><em>ὀξύτονα,</em></strong></span> <span class='ocrx_word' id='word_1_243' title='bbox 775 3245 875 3331; x_wconf 80' lang='grc' dir='ltr'><strong><em>ἐρινός</em></strong></span> <span class='ocrx_word' id='word_1_244' title='bbox 902 3247 920 3315; x_wconf 86' lang='grc' dir='ltr'>ὁ</span> <span class='ocrx_word' id='word_1_245' title='bbox 948 3249 1064 3335; x_wconf 81' lang='grc' dir='ltr'><strong>ἐρινεός</strong></span> <span class='ocrx_word' id='word_1_246' title='bbox 1089 3250 1143 3317; x_wconf 79' lang='grc' dir='ltr'><strong>καὶ</strong></span> <span class='ocrx_word' id='word_1_247' title='bbox 1169 3251 1288 3336; x_wconf 73' lang='grc' dir='ltr'><strong>χαλινός</strong></span> 
     </span>
     <span class='ocr_line' id='line_1_31' title="bbox 187 3347 1288 3435; baseline 0.002 -18"><span class='ocrx_word' id='word_1_248' title='bbox 187 3350 299 3418; x_wconf 76' lang='lat' dir='ltr'><strong>Areon</strong></span> <span class='ocrx_word' id='word_1_249' title='bbox 321 3348 371 3431; x_wconf 85' lang='grc'><strong>65,</strong></span> <span class='ocrx_word' id='word_1_250' title='bbox 394 3347 442 3413; x_wconf 84' lang='grc'><strong>11.</strong></span> <span class='ocrx_word' id='word_1_251' title='bbox 471 3348 591 3413; x_wconf 85' lang='grc' dir='ltr'>Νοιιιοιι</span> <span class='ocrx_word' id='word_1_252' title='bbox 619 3352 767 3429; x_wconf 72' lang='grc' dir='ltr'><strong><em>καρκίνος</em></strong></span> <span class='ocrx_word' id='word_1_253' title='bbox 787 3367 806 3412; x_wconf 89' lang='lat' dir='ltr'><strong>a</strong></span> <span class='ocrx_word' id='word_1_254' title='bbox 827 3350 961 3415; x_wconf 84' lang='lat' dir='ltr'><strong>nonullis</strong></span> <span class='ocrx_word' id='word_1_255' title='bbox 989 3353 1036 3416; x_wconf 90' lang='lat' dir='ltr'><strong>sic</strong></span> <span class='ocrx_word' id='word_1_256' title='bbox 1056 3368 1131 3416; x_wconf 87' lang='lat' dir='ltr'><strong>esse</strong></span> <span class='ocrx_word' id='word_1_257' title='bbox 1152 3370 1288 3435; x_wconf 90' lang='lat' dir='ltr'><strong>prouuu-</strong></span> 
     </span>
     <span class='ocr_line' id='line_1_32' title="bbox 188 3442 1288 3535; baseline 0.001 -20"><span class='ocrx_word' id='word_1_258' title='bbox 188 3452 300 3535; x_wconf 86' lang='lat' dir='ltr'><strong>clatum</strong></span> <span class='ocrx_word' id='word_1_259' title='bbox 320 3454 355 3511; x_wconf 88' lang='lat' dir='ltr'><strong>ut</strong></span> <span class='ocrx_word' id='word_1_260' title='bbox 374 3442 482 3529; x_wconf 74' lang='grc' dir='ltr'><strong><em>ἐχῖνος,</em></strong></span> <span class='ocrx_word' id='word_1_261' title='bbox 505 3447 634 3528; x_wconf 90' lang='lat' dir='ltr'><strong>plurima</strong></span> <span class='ocrx_word' id='word_1_262' title='bbox 655 3453 727 3511; x_wconf 86' lang='lat' dir='ltr'><strong>sunt</strong></span> <span class='ocrx_word' id='word_1_263' title='bbox 747 3448 779 3510; x_wconf 90' lang='lat' dir='ltr'><strong>in</strong></span> <span class='ocrx_word' id='word_1_264' title='bbox 799 3446 886 3513; x_wconf 91' lang='lat' dir='ltr'><strong>libris</strong></span> <span class='ocrx_word' id='word_1_265' title='bbox 908 3451 1026 3513; x_wconf 86' lang='lat' dir='ltr'><strong>nostris</strong></span> <span class='ocrx_word' id='word_1_266' title='bbox 1053 3451 1188 3531; x_wconf 85' lang='lat' dir='ltr'><strong>uestigia</strong></span> <span class='ocrx_word' id='word_1_267' title='bbox 1210 3453 1288 3516; x_wconf 89' lang='lat' dir='ltr'><strong>&#39;lbe-</strong></span> 
     </span>
     <span class='ocr_line' id='line_1_33' title="bbox 190 3543 1287 3629; baseline 0.001 -17"><span class='ocrx_word' id='word_1_268' title='bbox 190 3549 275 3629; x_wconf 86' lang='lat' dir='ltr'><strong>0pbr.</strong></span> <span class='ocrx_word' id='word_1_269' title='bbox 297 3546 389 3611; x_wconf 88' lang='lat' dir='ltr'><strong>Caus.</strong></span> <span class='ocrx_word' id='word_1_270' title='bbox 410 3546 445 3610; x_wconf 87' lang='lat' dir='ltr'><strong>ii.</strong></span> <span class='ocrx_word' id='word_1_271' title='bbox 470 3546 524 3628; x_wconf 86' lang='lat' dir='ltr'><strong>ir,</strong></span> <span class='ocrx_word' id='word_1_272' title='bbox 549 3544 577 3611; x_wconf 83' lang='grc'><strong>9,</strong></span> <span class='ocrx_word' id='word_1_273' title='bbox 599 3544 717 3608; x_wconf 71' lang='lat' dir='ltr'><strong>belian.</strong></span> <span class='ocrx_word' id='word_1_274' title='bbox 740 3543 776 3610; x_wconf 88' lang='lat' dir='ltr'><strong>H.</strong></span> <span class='ocrx_word' id='word_1_275' title='bbox 797 3548 875 3610; x_wconf 78' lang='lat' dir='ltr'><strong>Anu.</strong></span> <span class='ocrx_word' id='word_1_276' title='bbox 896 3546 917 3610; x_wconf 94' lang='grc'><strong>1.</strong></span> <span class='ocrx_word' id='word_1_277' title='bbox 938 3547 987 3612; x_wconf 83' lang='grc'><strong>35.</strong></span> <span class='ocrx_word' id='word_1_278' title='bbox 1011 3546 1116 3613; x_wconf 87' lang='lat' dir='ltr'><strong>Galen.</strong></span> <span class='ocrx_word' id='word_1_279' title='bbox 1139 3547 1177 3614; x_wconf 87' lang='lat' dir='ltr'><strong>dc</strong></span> <span class='ocrx_word' id='word_1_280' title='bbox 1200 3552 1287 3615; x_wconf 89' lang='lat' dir='ltr'><strong>Tem·</strong></span> 
     </span>
     <span class='ocr_line' id='line_1_34' title="bbox 188 3643 1288 3729; baseline -0.002 -18"><span class='ocrx_word' id='word_1_281' title='bbox 188 3664 252 3729; x_wconf 90' lang='lat' dir='ltr'><strong>per.</strong></span> <span class='ocrx_word' id='word_1_282' title='bbox 274 3646 309 3711; x_wconf 94' lang='grc'><strong>11.</strong></span> <span class='ocrx_word' id='word_1_283' title='bbox 331 3645 361 3728; x_wconf 88' lang='grc'><strong>6,</strong></span> <span class='ocrx_word' id='word_1_284' title='bbox 383 3644 431 3709; x_wconf 78' lang='lat'><strong>72.</strong></span> <span class='ocrx_word' id='word_1_285' title='bbox 455 3645 539 3709; x_wconf 83' lang='lat' dir='ltr'><strong>Sext.</strong></span> <span class='ocrx_word' id='word_1_286' title='bbox 560 3661 586 3708; x_wconf 87' lang='lat' dir='ltr'><strong>c.</strong></span> <span class='ocrx_word' id='word_1_287' title='bbox 608 3643 724 3707; x_wconf 77' lang='lat' dir='ltr'><strong>astrol.</strong></span> <span class='ocrx_word' id='word_1_288' title='bbox 747 3660 776 3724; x_wconf 93' lang='lat' dir='ltr'><strong>p.</strong></span> <span class='ocrx_word' id='word_1_289' title='bbox 797 3643 867 3708; x_wconf 77' lang='lat'>340.</span> <span class='ocrx_word' id='word_1_290' title='bbox 896 3652 926 3708; x_wconf 90' lang='lat' dir='ltr'><strong>et</strong></span> <span class='ocrx_word' id='word_1_291' title='bbox 948 3646 1107 3709; x_wconf 81' lang='lat' dir='ltr'><strong>coufirmat</strong></span> <span class='ocrx_word' id='word_1_292' title='bbox 1137 3648 1288 3728; x_wconf 85' lang='lat' dir='ltr'><strong>lagitiosa</strong></span> 
     </span>
     <span class='ocr_line' id='line_1_35' title="bbox 189 3735 1286 3826; baseline -0.002 -16"><span class='ocrx_word' id='word_1_293' title='bbox 189 3745 353 3826; x_wconf 80' lang='lat' dir='ltr'><strong>originalia</strong></span> <span class='ocrx_word' id='word_1_294' title='bbox 376 3735 439 3805; x_wconf 73' lang='grc' dir='ltr'><strong>ἀπὸ</strong></span> <span class='ocrx_word' id='word_1_295' title='bbox 467 3737 682 3825; x_wconf 66' lang='lat' dir='ltr'><strong>emitritaeon</strong></span> <span class='ocrx_word' id='word_1_296' title='bbox 708 3744 804 3804; x_wconf 85' lang='grc' dir='ltr'>κινεῖν</span> <span class='ocrx_word' id='word_1_297' title='bbox 831 3742 896 3805; x_wconf 88' lang='grc' dir='ltr'><strong>ΕΜ.</strong></span> <span class='ocrx_word' id='word_1_298' title='bbox 926 3744 1006 3807; x_wconf 84' lang='lat' dir='ltr'><strong>sicut</strong></span> <span class='ocrx_word' id='word_1_299' title='bbox 1032 3749 1202 3825; x_wconf 82' lang='grc' dir='ltr'><strong><em>κορακῖνος</em></strong></span> <span class='ocrx_word' id='word_1_300' title='bbox 1231 3741 1286 3809; x_wconf 79' lang='grc' dir='ltr'><strong>ἀπὸ</strong></span> 
     </span>
     <span class='ocr_line' id='line_1_36' title="bbox 187 3838 1287 3924; baseline 0.003 -20"><span class='ocrx_word' id='word_1_301' title='bbox 187 3844 244 3906; x_wconf 85' lang='grc' dir='ltr'><strong><em>τοῦ</em></strong></span> <span class='ocrx_word' id='word_1_302' title='bbox 267 3838 322 3917; x_wconf 83' lang='grc' dir='ltr'><strong>τὰς</strong></span> <span class='ocrx_word' id='word_1_303' title='bbox 340 3838 437 3924; x_wconf 84' lang='grc' dir='ltr'><strong><em>κόρας</em></strong></span> <span class='ocrx_word' id='word_1_304' title='bbox 457 3862 554 3903; x_wconf 82' lang='grc' dir='ltr'>κινειν</span> <span class='ocrx_word' id='word_1_305' title='bbox 575 3840 645 3903; x_wconf 83' lang='lat' dir='ltr'><strong>nti</strong></span> <span class='ocrx_word' id='word_1_306' title='bbox 666 3838 728 3903; x_wconf 81' lang='lat' dir='ltr'><strong>vit.</strong></span> <span class='ocrx_word' id='word_1_307' title='bbox 750 3838 819 3905; x_wconf 78' lang='lat'><strong>287</strong></span> <span class='ocrx_word' id='word_1_308' title='bbox 840 3838 874 3904; x_wconf 91' lang='lat' dir='ltr'><strong>B.</strong></span> <span class='ocrx_word' id='word_1_309' title='bbox 914 3840 975 3905; x_wconf 86' lang='lat' dir='ltr'><strong>sed</strong></span> <span class='ocrx_word' id='word_1_310' title='bbox 996 3842 1206 3909; x_wconf 84' lang='lat' dir='ltr'><strong>Herodianum</strong></span> <span class='ocrx_word' id='word_1_311' title='bbox 1233 3846 1287 3908; x_wconf 86' lang='lat' dir='ltr'><strong>liu·</strong></span> 
     </span>
     <span class='ocr_line' id='line_1_37' title="bbox 184 3936 1287 4027; baseline 0.006 -26"><span class='ocrx_word' id='word_1_312' title='bbox 184 3942 238 4018; x_wconf 79' lang='lat' dir='ltr'><strong>jus</strong></span> <span class='ocrx_word' id='word_1_313' title='bbox 265 3940 381 4003; x_wconf 86' lang='lat' dir='ltr'><strong>erroris</strong></span> <span class='ocrx_word' id='word_1_314' title='bbox 408 3938 588 4019; x_wconf 89' lang='lat' dir='ltr'><strong>participem</strong></span> <span class='ocrx_word' id='word_1_315' title='bbox 611 3938 706 4001; x_wconf 88' lang='lat' dir='ltr'><strong>luisse</strong></span> <span class='ocrx_word' id='word_1_316' title='bbox 729 3936 855 4001; x_wconf 87' lang='lat' dir='ltr'><strong>credere</strong></span> <span class='ocrx_word' id='word_1_317' title='bbox 876 3939 965 4002; x_wconf 84' lang='lat' dir='ltr'><strong>naias</strong></span> <span class='ocrx_word' id='word_1_318' title='bbox 974 3957 1103 4024; x_wconf 87' lang='lat' dir='ltr'><strong>,neque</strong></span> <span class='ocrx_word' id='word_1_319' title='bbox 1124 3944 1194 4026; x_wconf 90' lang='lat' dir='ltr'><strong>ipse</strong></span> <span class='ocrx_word' id='word_1_320' title='bbox 1218 3962 1287 4027; x_wconf 90' lang='lat' dir='ltr'><strong>per-</strong></span> 
     </span>
     <span class='ocr_line' id='line_1_38' title="bbox 187 4020 1286 4123; baseline 0.007 -24"><span class='ocrx_word' id='word_1_321' title='bbox 187 4037 279 4099; x_wconf 85' lang='lat' dir='ltr'><strong>mittit</strong></span> <span class='ocrx_word' id='word_1_322' title='bbox 300 4057 330 4099; x_wconf 86' lang='grc' dir='ltr'><strong>π.</strong></span> <span class='ocrx_word' id='word_1_323' title='bbox 351 4040 437 4099; x_wconf 90' lang='grc' dir='ltr'><strong><em>Μον.</em></strong></span> <span class='ocrx_word' id='word_1_324' title='bbox 460 4053 489 4115; x_wconf 87' lang='lat' dir='ltr'><strong>p.</strong></span> <span class='ocrx_word' id='word_1_325' title='bbox 511 4036 561 4117; x_wconf 82' lang='lat'><strong>20,</strong></span> <span class='ocrx_word' id='word_1_326' title='bbox 581 4036 612 4103; x_wconf 87' lang='grc'><strong>8.</strong></span> <span class='ocrx_word' id='word_1_327' title='bbox 635 4030 728 4100; x_wconf 77' lang='grc' dir='ltr'><strong><em>οὐδὲν</em></strong></span> <span class='ocrx_word' id='word_1_328' title='bbox 747 4020 878 4109; x_wconf 64' lang='grc' dir='ltr'><strong><em>εἰς-</em></strong></span> <span class='ocrx_word' id='word_1_329' title='bbox 816 4056 871 4109; x_wconf 90' lang='grc' dir='ltr'><strong><em>νος</em></strong></span> <span class='ocrx_word' id='word_1_330' title='bbox 898 4032 1039 4119; x_wconf 62' lang='lat' dir='ltr'><strong>trpoe‘</strong></span> <span class='ocrx_word' id='word_1_331' title='bbox 1019 4035 1099 4123; x_wconf 76' lang='grc' dir='ltr'><strong><em>υκὲρ</em></strong></span> <span class='ocrx_word' id='word_1_332' title='bbox 1126 4038 1188 4107; x_wconf 77' lang='grc' dir='ltr'><strong><em>δύο</em></strong></span> <span class='ocrx_word' id='word_1_333' title='bbox 1216 4046 1286 4107; x_wconf 79' lang='grc' dir='ltr'><em>συλ-</em></span> 
     </span>
    </p>
   </div>
   <div class='ocr_carea' id='block_1_3' title="bbox 188 4120 1284 4224">
    <p class='ocr_par' dir='ltr' id='par_1_4' title="bbox 188 4120 1284 4224">
     <span class='ocr_line' id='line_1_39' title="bbox 188 4120 1284 4224; baseline 0.009 -29"><span class='ocrx_word' id='word_1_334' title='bbox 188 4129 284 4213; x_wconf 75' lang='grc' dir='ltr'><strong><em>λαβὰς</em></strong></span> <span class='ocrx_word' id='word_1_335' title='bbox 301 4134 345 4218; x_wconf 79' lang='grc' dir='ltr'><strong>τῷ</strong></span> <span class='ocrx_word' id='word_1_336' title='bbox 367 4157 375 4194; x_wconf 88' lang='grc' dir='ltr'><strong>ι</strong></span> <span class='ocrx_word' id='word_1_337' title='bbox 362 4120 626 4218; x_wconf 78' lang='grc' dir='ltr'><strong><em>οννεοταλμένῳ</em></strong></span> <span class='ocrx_word' id='word_1_338' title='bbox 645 4128 901 4216; x_wconf 70' lang='grc' dir='ltr'><strong><em>καραληγόμινον</em></strong></span> <span class='ocrx_word' id='word_1_339' title='bbox 920 4133 1127 4218; x_wconf 78' lang='grc' dir='ltr'><strong><em>παροξύνεται</em></strong></span> <span class='ocrx_word' id='word_1_340' title='bbox 1144 4138 1246 4205; x_wconf 66' lang='lat' dir='ltr'><strong>tw</strong></span> <span class='ocrx_word' id='word_1_341' title='bbox 1226 4164 1284 4224; x_wconf 76' lang='lat' dir='ltr'><strong>pror</strong></span> 
     </span>
    </p>
   </div>
   <div class='ocr_carea' id='block_1_4' title="bbox 0 0 1328 4756">
    <p class='ocr_par' dir='ltr' id='par_1_5' title="bbox 0 0 1328 4756">
     <span class='ocr_line' id='line_1_40' title="bbox 0 0 1328 4756; baseline 0 0"><span class='ocrx_word' id='word_1_342' title='bbox 0 0 1328 4756; x_wconf 95' lang='lat' dir='ltr'><strong> </strong></span> 
     </span>
    </p>
   </div>
  </div>
 </body>
</html>
