2648 4756
176 338 248 409 119ss
508 334 835 403 nlssnnnnnlo
864 333 917 400 Xl.

178 498 260 568 κατὰ
278 494 439 565 cadomo
457 493 566 581 ίιὲραν
583 493 732 581 λεγόμενα
756 493 800 574 ὦς
819 494 857 563 τὸ
877 496 1023 576 Αίνείας,
1050 491 1191 578 Αὐγείας,
1205 492 1278 577 Ἑρ-

180 602 267 683 μείας
286 592 426 662 botros
441 592 564 677 Αίνίας,
583 592 718 680 Αὐγέας,
732 592 864 680 Ἐργίας
881 597 963 639 ”⁴
984 594 1040 662 καί
1063 597 1193 678 lippias.
1216 590 1280 660 Οὐ-

182 695 330 763 monaci
345 691 382 761 τὸ
402 699 605 779 τραυματίας,
626 696 787 778 ampucius
806 691 860 760 cri
877 692 984 777 μόνον
1002 697 1063 759 τοῦ
1088 701 1121 779 ῖ,
1152 697 1203 759 chi
1219 696 1283 759 loco

181 795 256 878 quid
276 795 358 860 desit
379 801 510 877 apparot
530 812 569 860 cr
592 795 729 875 Thoogn
750 812 780 877 p.
794 794 850 858 ta.
879 789 920 858 τὰ
940 789 996 858 διὰ
1015 797 1076 859 νοῦ
1096 782 1150 869 ιῖς
1168 789 1222 859 διὰ
1238 795 1286 857 soi

180 895 199 959 ῖ
217 891 379 978 γράφεται,
398 894 599 974 πραγματίας,
619 892 730 971 tobias,
743 893 770 933 ¹⁷
783 887 865 974 πλὴν
876 894 937 957 τοῦ
950 892 1091 973 Αἰνείας,
1112 896 1242 975 παρείας
1255 928 1287 940 -

182 1002 216 1060 cl
240 993 358 1059 Anccd.
383 989 478 1055 Bokk.
501 989 591 1056 1185.
616 987 654 1056 τὸ
675 992 797 1075 Πιερίας
819 991 999 1073 Παρίαντος
1026 988 1095 1056 ἔστι
1115 988 1229 1073 κύριον
1244 990 1289 1057 nd

182 1088 236 1158 dod
253 1094 313 1156 τοῦ
333 1090 351 1153 ῐ
370 1083 537 1171 γράφεται·
570 1083 692 1172 τὸγὰρ
718 1095 872 1173 σημαῖνον
889 1084 948 1154 τὸν
973 1086 1055 1173 ὅφιν
1082 1094 1216 1172 παρείας
1235 1112 1289 1155 ac·

181 1191 276 1273 ρείαυ.
288 1190 317 1230 ¹⁸
343 1188 410 1252 lloo
429 1197 530 1254 autcnr
550 1205 644 1269 quurn
664 1189 881 1272 diphthongum
902 1206 922 1253 a
944 1190 1119 1274 primitivo,
1142 1197 1177 1254 ut
1193 1189 1289 1255 dnn-

181 1288 287 1355 aratici
307 1285 432 1351 tradunt
457 1306 486 1352 v.
507 1286 686 1353 Sohnoidcr.
706 1286 747 1353 ad
766 1288 832 1352 Nic.
854 1288 908 1353 Th.
928 1288 1001 1352 443.
1031 1288 1217 1353 translaturo
1232 1288 1284 1351 la·

181 1387 256 1453 boat
276 1388 355 1452 sicut
374 1383 561 1469 ίααοαχέας
578 1386 736 1465 vocalem,
769 1391 875 1450 cctcra
895 1392 998 1450 autom
1018 1382 1105 1449 κατὰ
1126 1382 1285 1480 OQ

182 1485 340 1567 qucnrodo
359 1486 412 1551 illc
433 1489 491 1570 ait,
518 1487 649 1566 ligurata
668 1486 739 1567 siut,
761 1483 800 1548 ad
821 1484 1031 1549 attestandum
1053 1486 1218 1550 catalonin
1234 1505 1287 1559 αα

180 1584 258 1647 nibil
283 1586 462 1669 conterunt,
493 1589 582 1665 cujus
610 1599 700 1647 uum
723 1584 893 1646 conrurunis
922 1584 1125 1649 consuetudo
1147 1582 1288 1667 repudiat

181 1680 260 1746 Noun
280 1683 365 1764 rpuod
385 1682 490 1748 Schol.
503 1683 599 1746 Arist.
619 1682 696 1745 Aru.
717 1678 788 1745 303.
809 1681 896 1744 aliort
916 1675 1040 1756 ὁίίαᾶς
1058 1679 1184 1766 μήκοτε
1202 1679 1288 1757 ἐλαίας

179 1775 272 1857 ἐστίν,
293 1782 322 1842 si
343 1782 412 1860 quis
434 1781 473 1843 ab
493 1776 563 1854 ἕλος
583 1779 753 1845 derivatum
777 1778 860 1842 dicad
885 1784 920 1842 ut
944 1796 965 1842 a
989 1777 1123 1860 θράσος
1145 1776 1286 1865 Θρασέας

179 1892 292 1941 vcrcor
314 1883 348 1939 ut
368 1878 400 1939 in
418 1877 479 1940 hoc
499 1894 561 1941 uno
584 1877 761 1942 tostinronio
783 1892 890 1958 parunt
912 1878 1061 1959 pracsidii
1083 1882 1143 1963 sit,
1164 1897 1204 1945 nc
1223 1879 1287 1962 quil

179 1972 280 2038 dicarn
312 1972 351 2038 do
379 1976 555 2040 sublationc
583 1975 783 2056 aspirationis
810 1982 841 2038 ot
869 1973 907 2038 do
934 1976 1061 2043 silantio
1095 1978 1285 2045 Grammatici

179 2090 271 2156 quoru
292 2081 386 2140 antoa
405 2080 517 2140 testonr
538 2075 607 2139 loci
630 2074 696 2138 Ncc
715 2074 815 2137 minus
837 2072 942 2137 dubito
965 2091 1007 2138 on
1022 2074 1156 2141 Graccis
1172 2077 1286 2141 licuerit

179 2174 244 2238 icta
269 2174 303 2237 in
321 2160 359 2237 ἶὶ
388 2179 585 2256 convortere,
619 2172 703 2254 quod
733 2188 830 2252 scopa
864 2172 979 2235 tociuut
1013 2174 1135 2239 librarii
1169 2177 1287 2250 παθείας

177 2273 308 2337 nrctoori
329 2287 442 2338 norucn
462 2270 637 2335 scribentes
657 2287 714 2351 pro
732 2271 842 2345 αθίας
859 2286 888 2333 v.
909 2269 1089 2338 Sohnoidor.
1110 2274 1187 2338 Lon.
1209 2296 1288 2355 zop-

176 2372 297 2432 θενείαν
318 2368 420 2433 Slrab.
440 2366 488 2430 Vl
509 2365 580 2432 279.
605 2375 637 2432 ol
657 2367 728 2434 280.
755 2367 895 2442 Εὐθείας
919 2368 996 2434 Poll.
1016 2369 1054 2434 Χ
1076 2369 1130 2436 97.
1155 2374 1287 2448 Φανείας

178 2482 228 2548 ap.
247 2466 341 2531 Clcnr.
361 2465 449 2528 hlcx.
471 2464 555 2544 quod
573 2466 709 2529 Ebcrtus
729 2468 865 2530 corronit
885 2468 917 2529 in
936 2468 1066 2532 Disscrt.
1082 2470 1181 2535 Sioul
1193 2490 1224 2553 p.
1239 2474 1284 2537 7⁷.

177 2559 300 2647 ἇργείης
318 2557 426 2636 λευκός
446 2562 529 2626 Snid.
550 2580 608 2644 pro
628 2556 760 2645 ἀργήεις,
782 2572 813 2628 ul
827 2564 1002 2644 Stephanus
1024 2576 1147 2651 consct,
1168 2571 1218 2633 vcl
1232 2587 1285 2652 pro

177 2657 293 2746 ἀργίης.
322 2661 384 2725 Sod
404 2677 494 2724 ncrno
512 2663 615 2741 culpot
630 2678 743 2726 nomon
755 2663 912 2726 hcroiourn
930 2657 1071 2738 Ἀνθείας
1089 2666 1187 2732 Paos.
1201 2685 1284 2731 nncrc

177 2764 304 2843 antiquo
327 2767 357 2824 ct
379 2761 503 2840 poctico
526 2762 673 2842 scripturn
694 2777 752 2841 pro
770 2753 900 2833 Ἀυθέας
924 2769 957 2824 ut
976 2761 1101 2836 Αἰνείας
1122 2783 1153 2827 r.
1176 2766 1282 2829 Parrll

178 2862 246 2930 tuo.
269 2869 301 2926 ot
320 2856 482 2943 βορειόθεν
501 2860 600 2923 Noun.
623 2859 673 2922 vcl
693 2857 771 2921 adco
794 2876 851 2939 pro
869 2852 1005 2936 Ἀνθίας,
1028 2862 1283 2939 quomadmodum

177 2960 338 3043 Oppianus
360 2960 426 3023 Hal.
447 2959 467 3022 l.
489 2958 556 3023 183.
577 2959 695 3039 κυβείαι
715 2957 842 3036 scripsit
863 2974 920 3038 pro
947 2958 1052 3038 αυβίαι
1074 2975 1094 3021 a
1115 2967 1205 3025 rccto
1228 2985 1284 3026 αα-

175 3059 245 3140 βίας
271 3057 372 3120 addito
402 3056 614 3134 productionis
635 3073 731 3120 causo
751 3055 864 3136 cpsilo‚
894 3059 981 3135 cujus
1002 3057 1048 3118 rci
1071 3060 1217 3140 cronopio
1240 3069 1285 3125 cst

175 3168 289 3218 nonron
315 3152 490 3215 iorniuiuum
516 3159 629 3236 κεραῖαι
657 3155 777 3234 (orniss.
800 3155 832 3216 in
854 3154 921 3234 Th.)
942 3153 1041 3217 Noun.
1066 3155 1217 3237 Paraphr.
1237 3159 1283 3223 hh

176 3252 245 3320 113.
269 3266 326 3331 pro
348 3248 459 3329 κειρίαν
485 3267 553 3313 curn
581 3252 752 3333 hyperbato
775 3258 944 3331 tomporunr
964 3258 997 3314 ut
1020 3244 1209 3332 Κραιάσεια
1230 3273 1284 3338 pro

174 3348 344 3431 Καρπασία
372 3348 475 3428 Steph.
512 3350 643 3429 Saepius
673 3365 747 3412 vcro
774 3350 839 3412 iota
866 3365 944 3412 voco
972 3349 1075 3414 solum
1102 3353 1285 3430 producitur

174 3450 242 3514 sino
263 3447 445 3511 adminiculo
468 3447 640 3528 scripturas
661 3455 694 3511 ut
711 3440 857 3528 Ἀγαθίας
878 3446 958 3529 apud
979 3454 1090 3529 poctas
1111 3450 1282 3531 Byzantios

174 3546 368 3631 ponultinraru
397 3545 519 3624 longam
541 3544 634 3608 habct
655 3563 682 3609 u.
702 3545 827 3610 Jacobs.
851 3545 890 3609 ad
910 3546 1001 3611 Anlh
1021 3563 1050 3628 p.
1072 3547 1144 3614 141.
1191 3553 1282 3615 Sinni-

172 3645 304 3726 lilcrquo
323 3651 484 3706 ventorum
506 3644 807 3723 norninahparclius
829 3649 861 3708 ot
882 3645 1046 3708 Thrascias
1068 3651 1284 3727 pronuncian-

243 3893 287 3958 l't)
312 3894 407 3952 Τοείαα
430 3890 529 3960 βουνός
552 3892 614 3946 Hcs.
638 3889 688 3948 sod
708 3890 781 3944 illonr
811 3889 964 3945 credibilius
993 3896 1035 3946 cst
1063 3893 1170 3952 notiore
1194 3896 1282 3959 ίοξίας

171 3985 430 4123 usumidelssgnptcnu
447 4062 475 4111 ct
493 4058 678 4124 perispomona
694 4054 830 4108 masculini
851 4058 957 4122 genonis
981 4056 1173 4126 diphthongum
1191 4049 1279 4119 εἶτα·

174 4150 269 4202 spucro
290 4136 368 4205 docet
386 4138 587 4195 Cbooroboscus
606 4136 690 4192 Craur.
710 4137 744 4192 ll.
762 4137 821 4195 270.
840 4140 944 4196 01295.
