2648 4756
103 292 149 359 211
461 292 784 359 nlssnltrnrlo
818 294 840 358 l.

105 461 200 536 cupat
220 461 254 517 ut
273 454 365 537 finis,
387 461 507 536 corten,
529 474 653 536 ωυνρυ,
675 473 762 536 prce,
785 455 878 533 babo,
902 456 1002 520 ιίυιιιυ
1023 457 1124 521 etc.¹⁰
1163 457 1207 522 ln·
1251 442 1253 451 ¹

108 563 154 619 ter
181 554 359 634 promiscua
386 562 488 618 autern
516 561 547 617 et
575 556 748 618 communia
768 553 830 616 lroc
851 552 949 616 dillort
970 553 1060 633 qnod
1083 554 1138 617 illa
1158 572 1209 618 nna
1246 550 1253 627 1

106 666 185 713 voce
198 658 229 713 et
244 669 305 716 uno
320 653 449 716 articulo
466 652 625 733 utriusque
640 660 770 715 naturae
783 651 926 714 animalia
935 653 1129 735 significant,
1144 654 1205 717 llaec

107 754 210 813 antem
236 749 359 830 adjecto
388 751 558 815 masculino
587 751 718 814 articulo
751 767 853 813 mares
880 750 1037 832 indicant,
1075 753 1208 816 feminino

108 848 238 912 feminas
251 851 275 889 ¹¹
298 843 316 911 6
336 843 412 922 θεός
437 842 457 931 ἡ
484 845 575 926 θεός,
603 844 621 912 ὁ
643 846 812 930 ἅνθρωπος
837 842 857 929 ἡ
879 843 1074 928 ἄνθρωπος,
1096 844 1213 924 ὁκοίως

107 937 129 1028 ἡ
150 941 249 1025 adeas,
271 939 289 1010 6
310 942 415 1025 πέρδιξ
434 939 455 1028 ἡ
476 940 591 1027 πέρδιξ,
613 940 631 1010 6
652 947 776 1028 αἴγυθυς
795 942 817 1030 ἡ
838 947 961 1028 αἴφθυς
980 948 1092 1027 Antig.
1112 947 1211 1012 Parati.

108 1059 135 1108 o.
156 1044 205 1109 63.
248 1048 462 1110 Verumtamen
489 1047 521 1107 in
551 1045 661 1109 bestiis
689 1046 748 1109 lroc
770 1053 912 1109 serrator
931 1046 1056 1125 minns3
1090 1063 1213 1127 namque

109 1159 263 1225 persaepe
286 1145 395 1209 Graeci
416 1161 508 1225 qunrn
530 1143 674 1209 distinete
696 1161 797 1208 mares
818 1144 991 1223 significare
1012 1145 1143 1227 volunt,
1172 1146 1213 1208 le-

110 1242 224 1306 minino
251 1250 376 1308 utantur
397 1251 429 1308 et
449 1250 574 1308 contra:
609 1241 642 1304 ei
669 1239 779 1324 ἔλαφοι
803 1236 842 1304 ιὰ
868 1238 982 1323 κέρατα
1008 1235 1212 1326 &apameae

109 1340 206 1406 Arist.
223 1342 260 1405 ll
280 1343 317 1406 Α.
338 1344 359 1406 l.
381 1342 410 1408 5.
431 1338 470 1406 τὰ
488 1337 601 1424 κέρατα
620 1341 675 1423 τῆς
694 1334 815 1424 ἐλάφου
834 1339 938 1405 Galen.
958 1340 998 1405 do
1017 1340 1207 1424 sinpllleo

109 1436 160 1503 XL
180 1440 209 1522 7,
228 1438 298 1504 331.
321 1441 354 1504 Τ.
372 1439 437 1504 Xll.
464 1456 595 1520 quornm
621 1447 730 1504 neuter
761 1441 884 1519 ignerat
910 1456 1078 1504 cervarum
1105 1456 1209 1505 eornm

104 1535 195 1603 ¹trulla
215 1553 289 1602 esse
309 1538 395 1604 Poet.
416 1538 505 1603 XXV.
528 1537 566 1603 de
587 1540 699 1604 semin.
712 1538 748 1603 ll.
761 1537 832 1604 629.
855 1538 886 1602 T.
900 1538 948 1602 lv.
958 1538 987 1577 ¹²

192 1657 224 1726 §-
245 1650 274 1716 3.
315 1653 401 1717 llaec
421 1660 524 1717 autern
545 1652 709 1736 syllepsis,
743 1654 876 1733 quaein
903 1653 1069 1733 epicoenis
1098 1670 1213 1737 qrropne

111 1754 257 1831 apparet,
285 1750 325 1815 ad
351 1760 480 1816 naturas
504 1752 634 1816 rationis
662 1757 693 1814 et
713 1752 935 1832 intelligentiae
955 1754 1132 1835 participes
1158 1769 1213 1818 non

180 2000 224 2069 10)
260 1999 324 2055 Sunt
347 2004 426 2058 etiam
452 2002 556 2056 nomino
579 2003 660 2069 ignoti
685 2002 806 2071 generis,
842 2013 910 2069 quae
934 2013 985 2056 nee
1009 2002 1213 2059 terminationem

111 2080 318 2138 charactisticam
335 2099 422 2153 neque
439 2084 574 2139 articulum
591 2085 768 2152 praepositum
782 2083 879 2139 labent
894 2083 1062 2151 utpleraqne
1077 2100 1093 2140 a
1108 2085 1213 2141 Glosse-

111 2165 217 2232 graphis
235 2168 329 2222 iradila
345 2172 478 2235 ῥίιιακυς,
495 2165 622 2234 eleetos,
639 2166 753 2239 γράπις,
770 2167 939 2236 γραύκαλος,
959 2164 1110 2229 δάνδαλυς,
1128 2167 1213 2239 δρύοψ

111 2250 169 2314 (ιω
185 2248 377 2322 lexicographi
394 2260 462 2305 οωιυ
478 2251 583 2320 proprio
601 2251 737 2305 articulum
756 2264 836 2305 masc.
853 2246 1022 2318 praefigunt),
1041 2254 1115 2319 ιροξ,
1133 2252 1212 2306 κόνιν

110 2337 165 2400 λος,
183 2340 349 2413 σμήρινδος,
365 2342 539 2412 σπέργυυλυς,
559 2339 688 2413 πετράων,
705 2339 776 2410 quod
795 2342 819 2395 si
835 2354 883 2410 pel
898 2326 969 2399 ’ὦῖο-ι·
987 2340 1146 2414 declinator,
1162 2346 1214 2401 silio

112 2422 192 2480 dubio
209 2428 381 2482 masculinnm
398 2431 447 2483 est

180 2526 224 2593 11]
242 2526 331 2580 Schol.
349 2524 535 2593 01009016.
555 2522 605 2587 τὴν
621 2521 760 2591 διάκρισιν
777 2522 832 2576 τῶν
847 2522 937 2592 γενῶν
953 2520 969 2588 ἦ
985 2524 1170 2596 γραμματικὴ
1187 2524 1216 2577 ιδ

112 2605 183 2658 κατὰ
204 2607 254 2671 τὴν
276 2607 410 2672 ἀλήθειαν
426 2608 670 2662 accersitam&
688 2605 737 2670 τὴν
754 2605 882 2666 σύνταξιν
901 2606 955 2658 τῶν
972 2607 1091 2676 ἄρθρων
1107 2609 1155 2661 καὶ
1173 2608 1216 2672 τὴν

112 2689 262 2758 εὐφωνίαν,
281 2697 309 2746 el
325 2706 351 2759 p.
369 2691 428 2748 902.
452 2691 486 2743 ιὰ
508 2694 573 2760 γένη
595 2689 625 2750 ἐξ
642 2689 781 2757 ἀκριβείας
804 2689 835 2741 oe
853 2687 1024 2756 λαμβάνεται
1046 2689 1105 2743 ἀλλ’
1124 2689 1155 2743 ἐκ
1176 2692 1215 2755 τῆς

112 2771 264 2832 συντάξεως
287 2775 335 2826 καὶ
358 2775 404 2837 τῆς
422 2773 559 2841 εὐφωνίας
581 2774 634 2826 τῶν
652 2773 823 2841 ἀνθρώπων,
848 2773 893 2825 orbi
914 2772 1030 2842 ἄρθρων
1051 2775 1214 2831 scribendum

113 2862 141 2913 et
158 2862 268 2926 utroque
285 2857 346 2911 loco
363 2860 540 2925 συμφωνίας,
565 2858 637 2924 qaod
654 2870 749 2911 nomen
766 2856 838 2909 Plato
858 2855 913 2910 Cir.
933 2854 976 2910 lX.
994 2857 1053 2912 591.
1081 2873 1143 2913 corn
1159 2857 1214 2910 oie·

113 2940 187 2999 καξιι
204 2942 346 3008 conjunxit.
372 2941 401 2995 Si
418 2942 579 3008 grammatici
596 2941 634 2993 illi
653 2935 809 3007 quaererent
825 2954 886 2992 num
903 2940 979 3006 primi
996 2936 1120 2996 homines
1136 2955 1214 3010 genoe

113 3026 241 3091 cujusque
256 3025 369 3079 nominis
385 3024 530 3079 secundnm
552 3029 659 3077 naturae
684 3024 820 3078 veritatem
844 3023 1025 3076 constituerint
1041 3037 1093 3090 an,
1121 3031 1151 3078 nt
1166 3039 1214 3078 no·

113 3107 182 3159 mina
199 3106 265 3172 ipsa,
283 3108 323 3161 sic
340 3121 439 3174 genera
455 3120 560 3176 qnoque
578 3106 735 3172 impositlcia
751 3107 811 3171 sint,
830 3111 883 3158 torn
900 3110 972 3159 recte
987 3103 1020 3170 τῇ
1033 3104 1151 3173 ἀληθείᾳ
1166 3122 1213 3175 op-

113 3191 254 3256 poneretur
268 3185 282 3251 ἦ
303 3188 427 3248 σύνταξις
443 3190 489 3241 καὶ
505 3191 652 3255 συμφωνία
668 3187 723 3238 τῶν
739 3185 903 3258 ἀνθρώπων,
922 3201 1000 3255 quarn
1017 3186 1138 3255 Cralylus
1155 3191 1213 3244 Pla-

113 3272 215 3325 tonicus
242 3270 382 3336 συνθήκην
406 3278 434 3328 et
459 3268 609 3338 ὁμολογίαν
634 3277 720 3325 vocat.
765 3271 820 3327 seo
845 3272 896 3325 illis
918 3285 1005 3326 sermo
1031 3278 1073 3327 est
1101 3272 1136 3330 de
1158 3279 1214 3327 nola

113 3355 219 3421 generis
236 3357 264 3407 ut
283 3353 353 3408 Varr.
375 3354 403 3407 l.
420 3353 450 3408 L.
468 3352 511 3407 ΙΧ.
529 3354 571 3418 29,
593 3352 650 3410 lae.
667 3354 752 3404 cirillo
768 3354 874 3406 dicim
890 3370 941 3407 ιιωι
957 3368 1022 3422 poteo
1038 3356 1121 3408 υἰιιιιιι
1138 3357 1214 3424 cipal-

113 3435 191 3499 fiooot
208 3435 358 3503 aedpoilu
375 3437 554 3505 praeponimus
570 3435 622 3487 lae
640 3441 691 3494 etc.

180 3535 225 3603 12)
247 3534 336 3591 schol.
355 3536 386 3590 ll.
404 3537 460 3591 vll.
479 3536 537 3593 171.
559 3541 652 3604 poetae
670 3535 733 3589 dicit
751 3536 868 3603 pecudes
887 3534 933 3601 (τὰ
953 3537 1118 3604 θρέμματα)
1136 3537 1213 3593 [οισι.

112 3620 174 3673 nine
195 3620 345 3687 appellare,
366 3619 433 3672 alios
457 3621 484 3672 in
506 3618 639 3684 1111173,
657 3618 699 3673 31.
719 3619 812 3685 lones,
839 3620 883 3687 qui
901 3632 987 3673 rernm
1005 3632 1114 3687 quoqne
1133 3633 1214 3675 roca·

112 3700 174 3754 bula
191 3700 342 3756 elleminare
361 3699 481 3753 dicontur
505 3696 520 3763 ἡ
543 3701 632 3769 ῥοῖζος
653 3700 742 3755 schol.
763 3700 812 3755 Od.
832 3701 951 3757 116315.
971 3702 997 3751 οι
1009 3702 1101 3758 Ἴωνες
1117 3701 1133 3764 ἡ
1151 3707 1215 3754 κίον

112 3784 160 3836 καὶ
181 3782 267 3838 πολλοὶ
290 3782 368 3852 ἕτερα
397 3784 520 3847 θηλυκῶς
544 3786 715 3854 προφέρουσι
737 3784 799 3839 Sclr.
823 3784 904 3852 Soph.
924 3785 967 3850 Aj.
988 3784 1044 3840 108.
1070 3785 1096 3838 in
1120 3786 1214 3853 quibus

111 3864 202 3921 Schol.
226 3866 299 3919 Pind.
330 3866 371 3922 01.
398 3868 418 3921 l.
445 3870 485 3924 10.
509 3865 523 3932 ἡ
546 3865 631 3935 αἰθήρ
657 3873 685 3923 et
709 3864 723 3931 ἦ
746 3867 892 3935 Μαραθών
913 3868 993 3924 refert
1014 3867 1064 3921 sed
1089 3866 1211 3921 additui

111 3946 201 4002 πάντα
223 3947 253 4000 δὲ
276 3949 387 4002 ιυιαῖιιι
411 3949 509 4003 ἰωνικὰ
533 3948 614 4009 ἐστιν,
639 3949 698 4002 ἐπεὶ
721 3951 767 4002 καὶ
790 3951 817 4001 ot
836 3951 950 4002 Ἀττικοὶ
974 3949 1059 4000 πολλὰ
1083 3947 1212 4017 ἀρσενικὰ

110 4032 176 4086 δντυ
193 4031 317 4095 θηλυκῶς
332 4032 492 4100 ἐκφέρουσι,
515 4039 543 4087 ul
558 4031 658 4100 βῶλος,
679 4032 774 4092 δόλος,
794 4030 935 4102 σιριῖχνυς,
954 4030 1043 4093 ὕαλος,
1063 4034 1211 4101 01136010-

112 4117 199 4184 nysins
218 4114 266 4171 lios
284 4113 407 4172 iernioine
427 4115 560 4184 appellare
577 4116 707 4183 signifieat
723 4116 795 4171 linet.
815 4116 887 4182 1390,
907 4117 948 4173 50.
