2648 4756
166 316 213 385 58
526 308 850 376 otssultrlrto
887 310 909 374 l.

166 480 264 563 piscis
286 475 423 540 citharae
444 474 563 555 similis,
585 469 720 556 οληνός
734 473 887 556 Ληναιι.
907 473 1047 540 Jacobs
1069 475 1282 543 mantnltl

166 576 237 644 875.
260 575 392 656 ιιΚυβη
384 570 433 656 ’βη
454 565 921 656 Ktpepoeimsxtpevoevp‘
927 567 1111 659 Ptolem
1128 575 1217 657 1431,
1227 576 1281 641 tt³
1320 594 1324 611 ⁴

169 672 363 755 aptandum,
390 681 423 735 ut
443 670 617 750 Hesychius
645 672 812 751 significat,
835 636 1067 752 παιοονρος*
1049 694 1071 736 ο
1098 671 1278 755 pangant&

162 793 260 853 μενος
279 765 315 834 τὸ
335 767 481 853 ὄργανον,
504 769 543 832 ab
565 769 635 832 avia
658 770 762 852 Φοίβη
782 771 896 852 Apollo
922 771 1065 852 Φοιᾙος,
1088 774 1121 835 si
1139 771 1279 887 Aeschrio

167 871 304 954 lltlimus,
326 874 414 950 cujus
440 871 626 932 auctoritate
653 867 714 932 hoc
740 885 854 932 nomeu
875 870 957 932 iuter
977 867 1224 951 μαμμωνυμαᾰ
1240 886 1282 934 re-

169 972 267 1037 lcrtur
289 969 392 1036 Sclrol.
414 969 447 1032 B.
470 966 507 1029 ad
529 967 562 1030 ll.
583 967 604 1030 l
624 966 674 1030 43.
697 966 951 1048 (transscriptum
966 986 1008 1033 err
1022 968 1185 1033 Heracliti
1195 968 1283 1047 luca

169 1068 231 1132 vlt
253 1067 317 1147 23.)
339 1075 370 1132 et
391 1067 489 1144 litum.
515 1063 588 1129 Gud.
611 1065 682 1129 555.
704 1083 723 1129 a
743 1072 863 1129 struma
883 1076 1029 1131 strumus
1052 1067 1173 1149 herba,
1198 1065 1282 1128 nln-

168 1173 256 1231 ccrta
282 1167 417 1229 lacertus
440 1180 514 1244 pars
540 1162 658 1227 ltracltii
684 1164 880 1247 musculosa,
913 1183 933 1228 n
960 1167 1092 1230 neutris
1125 1164 1282 1228 masculina

169 1271 202 1331 ct
224 1265 368 1328 lcmluiua
388 1257 563 1344 βάραθροε,
590 1257 770 1341 φαρμακός,
799 1257 929 1345 ἀχυρός,
953 1265 993 1328 ab
1015 1273 1164 1345 utroque
1182 1278 1281 1343 gente

170 1370 291 1444 neutra,
311 1369 344 1425 ut
364 1379 383 1425 a
403 1358 465 1445 pile
479 1354 600 1441 (clipeo)
622 1361 715 1440 pilum
735 1357 890 1445 (ὕπερον),
911 1363 1053 1427 evallus
1076 1363 1194 1443 (rarus
1207 1359 1279 1438 ruri

171 1460 300 1544 vallum,
330 1460 378 1524 sic
399 1457 438 1521 ab
458 1449 597 1541 ἠλακατη
623 1453 761 1540 ἠλάκατα
780 1455 818 1522 τὰ
844 1457 913 1539 περὶ
937 1457 999 1543 τὴν
1025 1454 1199 1544 plenarium
1217 1454 1276 1541 ἔμ
1323 1461 1324 1498 l

173 1577 192 1624 a
212 1511 345 1640 κέραμος
362 1552 499 1637 κέραμον
520 1574 600 1637 epus
621 1557 765 1642 figlinum,
788 1577 806 1622 a
826 1554 963 1638 σπάρους
982 1555 1136 1640 σκάρων
1155 1553 1193 1621 co
1211 1570 1277 1637 ozac
1317 1570 1321 1659 j

173 1659 242 1725 οἱον
263 1657 367 1722 Soluel
388 1657 459 1719 Eur.
480 1655 531 1720 Or.
551 1654 621 1720 526.
642 1657 727 1736 quod
748 1666 778 1723 et
799 1654 919 1739 σνάρνη
939 1656 1066 1723 dicitur.
1103 1660 1156 1722 Ac
1175 1659 1204 1722 si
1221 1658 1277 1720 lru·
1315 1670 1320 1735 t

173 1757 244 1829 licis
266 1771 378 1818 nomeu
400 1757 558 1834 posterius
580 1761 629 1819 est
652 1772 748 1836 opere
768 1757 839 1820 irinc
860 1757 1016 1838 conlecto,
1041 1762 1136 1820 certe
1154 1744 1319 1819 οιῖοανὰ
1313 1804 1319 1867 Ι

170 1847 235 1919 ἀπὸ
263 1853 320 1935 τῆς
348 1847 458 1926 οἰουας
484 1854 603 1935 σχοινία
632 1854 703 1918 scu.
728 1855 801 1933 Lyc.
823 1853 872 1919 20.
900 1854 940 1917 ab
967 1845 1057 1927 οἶνος
1088 1853 1276 1918 demonium·
1313 1876 1323 1929 p

86 2010 90 2015 .
172 1951 313 2017 ridentur
339 1952 420 2017 sieut
441 1952 502 2016 alia
530 1969 610 2033 quae
638 1968 677 2015 ex
704 1954 869 2016 arboribus
895 1951 1033 2015 contum
1063 1948 1157 2017 ἐλαία
1176 1950 1275 2027 ane,
1315 1958 1318 1963 '

175 2051 246 2116 olea
268 2049 386 2133 oleum,
415 2068 476 2131 quo
498 2040 611 2132 genere
631 2051 760 2114 llomaui
781 2051 925 2114 arborum
948 2052 1072 2116 tructus
1094 2051 1275 2132 &stimant
1317 2031 1324 2070 ¹·

173 2149 309 2228 ηοιονι,
328 2152 436 2229 pirum
457 2166 485 2213 v.
507 2156 537 2223 §.
559 2149 587 2212 5.
609 2155 641 2212 οι
661 2148 745 2228 ligna
765 2149 899 2230 bomne,
929 2153 1057 2214 citrum.
1100 2151 1131 2214 Δ
1152 2148 1274 2215 nonini-

172 2249 233 2315 ltus
254 2247 371 2329 primae
393 2254 424 2315 et
445 2247 600 2312 secundae
626 2246 841 2312 declinationis
864 2249 1004 2312 oriuntur
1026 2249 1183 2314 tritoclita
1206 2243 1273 2330 elle·

157 2332 291 2430 ’κοτήν,
312 2343 437 2437 νωλίμ,
457 2364 494 2410 4ιι
522 2346 677 2410 tritoolitis
703 2346 765 2410 alia
792 2348 843 2412 vel
870 2346 1009 2427 ejusdem
1037 2347 1162 2412 ordinis
1185 2346 1275 2428 νεὶμις

175 2442 254 2513 ὁὲν
272 2441 418 2527 τέλματος
437 2439 534 2526 πηλός
554 2445 620 2508 ΕΜ.
641 2444 691 2507 vel
712 2444 840 2509 tliversl:
875 2441 1010 2509 ιιόέλτα
1029 2441 1153 2524 δέλτος,
1183 2439 1274 2510 ανέ-
1322 2517 1324 2520 ,

175 2539 445 2621 moralitatem,
479 2543 517 2605 ab
546 2542 595 2607 liis
622 2543 759 2622 quaein
786 2543 974 2608 cercinum
1000 2540 1114 2626 μήκων
1137 2544 1274 2630 Μηκώνῃ

175 2645 240 2711 ΕΜ.
269 2643 357 2706 Zeno
386 2647 435 2706 est
462 2639 553 2703 locis
586 2643 657 2703 aeis
685 2659 781 2722 quum
809 2643 924 2706 Gracci
950 2649 1071 2707 vocant
1099 2647 1273 2727 actrcpult'-

175 2763 267 2821 num,
298 2758 358 2805 coe
387 2759 462 2806 cero
492 2740 674 2804 cerduclcm
696 2741 836 2818 cyreniu.
859 2759 888 2821 p.
913 2740 1003 2804 122⁰
1024 2758 1043 2804 a
1064 2745 1205 2823 genitivo
1225 2745 1274 2808 νοῦ

175 2836 337 2924 ποιμένος,
365 2847 398 2901 ut
425 2839 476 2902 ille
503 2838 611 2920 tradit,
639 2840 754 2919 ποίμνη
776 2856 832 2919 μοι
861 2841 1072 2903 concisionem
1101 2850 1136 2906 ut
1162 2840 1273 2925 λιμένος

175 2943 276 3024 λίμνη.
318 2940 346 3001 Α
366 2938 430 3017 πῦρ
450 2934 548 3018 πυρά,
569 2933 657 3017 ὕδωρ
676 2932 773 3016 ὕδρος
794 2943 824 3000 cl
845 2933 936 3018 ὕδρα,
958 2932 1066 3019 &oripo
1088 2941 1157 3005 sive
1175 2936 1273 3025 ἇθάρρ

28 3101 33 3111 ,
178 3039 277 3121 (quod
305 3036 442 3099 nonnulli
470 3038 683 3116 aegyptiacum
711 3042 821 3115 putant
846 3054 874 3097 v.
897 3038 1048 3118 Sprcugel
1077 3038 1117 3102 atl
1138 3041 1273 3106 Dioscor.

51 3162 58 3171 ·
178 3160 207 3224 p.
229 3137 313 3218 450.)
341 3128 482 3197 ἀπὸτοῦ
503 3127 604 3217 ἀθέρα
630 3136 697 3197 sive
725 3128 831 3216 ἆθῆρα
857 3135 971 3199 Anecd.
999 3135 1094 3200 Bell.
1121 3136 1193 3203 351.
1221 3140 1274 3204 hoc

178 3245 228 3304 est
249 3236 287 3300 ab
311 3235 508 3315 accusativo,
530 3233 609 3297 unde
630 3241 754 3296 veteres
775 3229 908 3314 γάστριν,
930 3230 1045 3314 μήτρα,
1065 3231 1182 3317 πάτρα,
1202 3235 1274 3321 ppi-

176 3359 249 3419 τρη,
277 3333 373 3414 αἴθρη
395 3341 536 3412 repetere
557 3331 660 3395 solent
680 3332 745 3395 EM.
766 3332 837 3414 584,
859 3331 907 3397 52.
929 3333 1068 3396 Eustatlr.
1082 3333 1155 3418 665,
1172 3335 1203 3400 8.
1224 3337 1274 3401 sei

177 3441 367 3521 postremum
388 3446 535 3494 unacum
558 3430 728 3493 masculino
750 3423 861 3510 αἶθρος
883 3431 1018 3495 tortasse
1035 3433 1165 3498 averbo
1181 3445 1274 3500 ortum

177 3543 227 3605 est
253 3532 334 3599 unlc
361 3524 438 3613 ἀήρ,
465 3523 563 3612 αἰθήρ
590 3536 621 3593 οι
648 3523 739 3608 αὔρα.
794 3527 902 3609 Neque
930 3529 1136 3609 improboliito
1159 3535 1274 3599 ridetur

180 3687 473 3706 ..ἐ-μ-

178 3774 183 3781 ’
244 3786 272 3853 5)
300 3784 328 3838 Si
348 3777 455 3848 Κομὴμη
474 3792 524 3832 noo
542 3741 629 3832 solum
644 3776 710 3832 deae
729 3790 823 3832 nomen
848 3775 896 3830 luit
912 3775 960 3831 sed
978 3777 1110 3833 ministrae
1128 3793 1235 3850 qaoque
1252 3787 1274 3837 at

177 3871 285 3937 κυμέλαι
299 3871 428 3936 γυναῖκες
444 3863 539 3919 Athon.
557 3861 616 3919 636.
627 3861 660 3914 Α.
680 3867 707 3917 et
718 3859 832 3930 βάκχος,
849 3857 976 3928 acolitos,
994 3860 1165 3918 mascnlinum
1180 3865 1214 3920 al
1228 3865 1273 3919 loc

178 3953 236 4006 loco
259 3950 372 4004 alienum
389 3951 438 4003 est.

243 4050 271 4116 6)
290 4047 346 4102 Ηοο
362 4053 473 4102 santum
491 4054 531 4104 ost
549 4046 581 4101 nh
600 4042 749 4100 auctoribus
765 4044 878 4110 graecis,
896 4054 962 4109 quot
979 4040 1020 4097 Du
1030 4040 1146 4111 Congius
1160 4047 1273 4114 produnt

177 4148 198 4186 s.
216 4130 431 4201 ἈονραγμλΐνοςΙ
