2648 4756
94 357 145 423 DE
157 358 252 426 riori.
267 357 435 437 QUORUM
448 358 560 424 cuin.
576 358 652 425 EST
666 358 885 429 curionis.
908 364 940 431 C.
954 366 988 431 ΙΙ.
1008 375 1038 446 ς.
1050 373 1081 437 3.
1110 374 1173 442 dlii

71 519 179 607 ἱατρός
199 540 226 588 c.
247 523 278 607 6,
301 522 371 589 tou.
412 518 584 605 Μαῳακὸν
604 517 760 607 ὁὺςμαχος
787 526 876 592 root.
908 541 1038 598 accentu
1065 537 1095 601 iu
1124 540 1175 603 ul-

73 622 147 686 tima
168 623 291 704 posito,
322 623 377 688 sod
404 625 667 703 proparoxytonis
693 624 846 688 Arcadius
873 628 1031 712 subjungit
1058 635 1112 701 uei
1138 636 1176 704 τὸ

68 722 228 802 μαίμακος
249 717 400 785 σύνθετον
419 720 471 784 ubi
493 720 689 786 scribendum
721 730 770 786 cst
798 718 941 789 ἐπίθετον
968 736 999 793 ct
1026 745 1175 804 accentus

70 821 249 901 explicandi
270 836 362 884 causa
383 817 555 883 addendum
576 812 640 883 ἀπὸ
662 821 792 904 γενικῆς.
835 823 1004 902 Syntbcton
1030 846 1104 897 voro
1127 846 1175 903 est

68 914 370 999 φρυαγμοσέμνωιος
404 917 444 982 ab
478 918 687 999 Aristophane
724 920 833 985 bctnro.
881 920 991 988 Cetera
1025 928 1176 1011 simplicia
1235 972 1239 977 ·

69 1024 144 1080 sunt
163 1036 181 1080 a
202 1018 373 1082 nominibus
396 1018 543 1099 ploraque
565 1020 651 1098 puris
671 1033 735 1082 uon
763 1019 863 1082 solun
894 1022 1010 1101 primae
1037 1024 1175 1097 dcciinn-

70 1115 166 1179 tiouis
185 1123 217 1178 ut
242 1112 443 1197 γερουσιακὸς
464 1116 557 1196 Corp.
584 1115 680 1179 Inscr.
712 1132 741 1180 u.
766 1116 857 1182 3080.
883 1116 1025 1199 χρειακός
1053 1127 1174 1194 Arrian.

71 1211 227 1289 κοιλιακός
253 1216 432 1280 Dicaearch.
467 1210 660 1296 σωτηριακός
687 1215 759 1280 Hcs.
791 1215 925 1297 χροακός
952 1237 979 1284 v.
1006 1221 1110 1290 netsn.
1136 1228 1175 1295 ad

73 1312 179 1377 Consi.
200 1313 306 1379 74613
328 1314 383 1379 sed
405 1316 494 1379 etiam
515 1313 671 1378 sccundao
696 1310 905 1397 μυστηριακός
934 1316 1018 1382 Suid.
1047 1314 1175 1403 ἡλωκός

71 1410 163 1475 Diod.
183 1408 340 1494 βιβλιακός
362 1414 458 1496 Timo,
480 1407 628 1494 ὀρυεακός
649 1413 752 1477 Schcl.
773 1413 844 1492 [γε.
859 1409 1097 1501 ἐργαστηριακός
1108 1422 1175 1487 Ρο-

70 1509 134 1588 lpb.
154 1506 284 1573 πεδιακά
305 1506 447 1593 πρόβατα
468 1528 486 1575 a
506 1512 578 1575 ioco
599 1512 718 1574 Atticae
739 1512 816 1574 inter
837 1512 924 1576 lones
939 1513 1176 1585 rhetoricasro-

70 1607 165 1671 latum
189 1610 220 1672 in
240 1608 356 1673 Anccd.
375 1608 469 1675 Beni.
489 1608 559 1675 aab.
579 1604 751 1689 κουρεακός
771 1610 877 1690 Polyb.
898 1612 1055 1676 subtracta
1074 1616 1177 1683 vocab

71 1723 164 1787 quain
185 1717 309 1771 servunt
328 1702 529 1780 σπονδειακός
549 1707 626 1770 Poll.
649 1705 826 1787 δανειακός,
855 1704 1041 1791 στοιχειακός
1068 1722 1098 1777 ct
1117 1736 1176 1778 τα-

68 1799 195 1887 μειωιός
215 1824 234 1869 a
254 1807 302 1869 bu
324 1805 440 1886 Gangio
463 1807 655 1885 confirmata3
678 1808 825 1887 pauciora
848 1827 866 1872 a
887 1808 1048 1874 uocabulis
1069 1814 1176 1879 tertias
1274 1802 1277 1807 ⁴

71 1903 297 1986 declinationis,
317 1896 484 1984 dpvtiiaanoi
507 1912 537 1967 et
557 1896 676 1986 ὀφιακᾰ
702 1904 847 1970 Nicandri
876 1915 905 1970 ct
930 1908 1072 1988 Dionysii
1100 1928 1173 1977 car·

71 2002 205 2065 minibus
225 2002 374 2081 inscripta
395 2001 567 2066 abundante
597 2002 699 2065 vocali
721 2012 752 2066 ut
774 2002 963 2069 Grammatici
991 2016 1118 2074 censent
1143 2012 1175 2077 in

70 2100 138 2164 liii.
159 2100 235 2181 dii,
256 2100 286 2166 8.
314 2097 387 2182 ὄφις
417 2093 545 2182 ὀφικός,
574 2095 653 2163 κατὰ
678 2096 873 2182 πλεονασμὸν
898 2105 956 2165 τοῦ
988 2107 1010 2165 ἅ
1033 2101 1174 2185 ὀφιωιός·

71 2193 358 2280 συνεξηκολούθησε
377 2192 436 2282 γὰρ
456 2200 501 2286 τῷ
521 2196 684 2281 θηριακός,
705 2216 767 2280 quo
790 2199 970 2279 pleonasmo
993 2204 1090 2266 crevit
1110 2204 1176 2268 ‹isu-

72 2292 201 2376 ὂριακός
227 2298 321 2376 ignoti
349 2308 460 2379 poetae
487 2298 576 2361 nntb.
605 2298 653 2361 vl.
681 2295 731 2360 22.
763 2306 792 2361 et
812 2294 997 2372 πλινθιακός
1017 2300 1105 2381 Diog.
1126 2304 1175 2369 iv.

72 2396 123 2460 36.
148 2412 205 2476 pro
226 2393 445 2478 πλινθουργός,
468 2398 528 2460 nisi
550 2396 588 2459 ad
609 2396 756 2458 πλινθίου
777 2398 884 2459 reterri
906 2397 1006 2461 dobet.
1041 2398 1176 2465 Eadem·

72 2510 133 2574 quc
155 2495 302 2556 nouitatis
326 2502 400 2558 ncta
431 2495 578 2581 adhaeret
605 2495 644 2556 iis
672 2511 751 2573 quac
780 2494 818 2556 ab
848 2493 1009 2574 adjectivis
1037 2497 1176 2564 derivata

72 2599 159 2655 sunt:
188 2588 339 2666 οἰκειακός
360 2594 573 2673 possessivum
594 2593 658 2654 τῶν
683 2591 805 2654 οἰκείων
833 2591 985 2656 diuersum
1014 2594 1052 2657 ab
1081 2594 1177 2659 οἰκια-

72 2688 135 2768 κός,
159 2691 242 2771 tpuod
264 2691 301 2753 ad
324 2691 426 2753 οἰκίαν
448 2695 579 2772 pertinet
602 2699 632 2755 ui
655 2689 787 2753 οἰκιακοί
807 2689 837 2752 οἱ
858 2686 892 2751 ἐν
912 2692 950 2771 τῇ
977 2691 1059 2778 οἰκίᾳ
1091 2690 1176 2771 ὄντες

71 2791 171 2868 Etyna¹
196 2789 269 2852 Gud.
291 2790 361 2869 421,
382 2789 431 2853 to.
454 2808 479 2852 v.
503 2790 611 2853 Corais
634 2789 826 2852 odiloni.
850 2789 911 2850 Cic.
933 2806 958 2852 o.
980 2789 1042 2851 XX.
1069 2812 1175 2869 κυρια-

72 2886 129 2963 κός
150 2891 181 2951 in
202 2888 237 2950 N.
262 2889 293 2951 T.
322 2883 509 2961 πλουσιακός
537 2888 643 2950 Alcnis
672 2887 733 2950 luc.
761 2885 796 2948 X.
826 2885 895 2949 509.
927 2886 959 2949 T.
988 2886 1034 2949 iii.
1064 2882 1174 2968 ἁλιακή

74 2983 144 3050 ἀντὶ
171 2987 227 3048 τοῦ
261 2979 413 3066 diaconam)
442 2988 515 3050 ch.
545 2988 629 3049 liitci.
658 2984 751 3047 Boii.
785 2983 854 3046 bib.
882 2978 1061 3062 μητρωακός
1091 2983 1175 3048 Suid.

73 3080 298 3170 ἀφροδισιακός
325 3084 411 3147 Diod.
439 3085 473 3147 11.
502 3084 551 3147 23.
566 3087 592 3123 ¹⁴
635 3085 745 3144 icrunt
778 3080 816 3142 ab
844 3080 901 3141 bac
929 3079 1056 3158 ignobili
1088 3083 1176 3147 turba

74 3184 267 3267 segreganda
289 3190 360 3246 sunt
390 3200 469 3261 quiae
498 3201 515 3243 o
546 3182 718 3243 ruoiuiinibus
744 3178 952 3258 produxerunt
981 3181 1114 3259 propriis
1143 3190 1176 3246 ut

74 3279 284 3355 Διονυσιακός
306 3281 484 3343 auctoribus
506 3280 756 3342 luculentissimis
780 3276 1011 3357 complacitura,
1040 3286 1069 3339 ct
1096 3295 1176 3356 gen-

76 3386 185 3448 cilicia:
208 3375 348 3443 ἀπὸτοῦ
370 3381 448 3450 Χῖος
469 3372 504 3439 τὸ
525 3372 668 3459 κτητικὸν
688 3367 853 3446 Χιακόςὼς
868 3367 989 3444 Ῥόδιος
1005 3369 1174 3455 Ῥοδιακός,

74 3480 197 3562 Σάμιος
218 3472 378 3558 Eup-acutis
402 3477 506 3556 steph.
529 3472 646 3548 Αιακὸς
669 3471 802 3550 Tiiucpd.
821 3466 997 3550 Ἰσθμιακὸς
1018 3473 1176 3551 Aristopb.

74 3574 290 3662 donacionis
312 3575 398 3639 bico.
416 3570 561 3648 Ἡλιακός
581 3574 671 3635 Pctus,
694 3580 724 3634 ci
752 3564 934 3650 Κυπριακός
954 3568 1059 3647 Polyb.
1087 3567 1177 3630 mcli-

79 3750 374 3768 -—-——-

145 3846 189 3912 13)
206 3842 346 3899 ,πιινιιικός
357 3857 408 3909 quo
423 3840 590 3893 butianannus
605 3838 684 3889 utitor
698 3835 808 3888 Granum.
824 3834 857 3886 11.
874 3832 931 3887 cti.
945 3846 996 3884 uon
1010 3832 1077 3898 iogi3
1098 3836 1178 3885 nostri

76 3928 173 3985 niedici
194 3927 290 3980 dciiros
309 3932 402 3978 uocant
423 3928 563 3977 iirauiacos,

145 4012 189 4073 ld)
207 4010 354 4076 Stephanus
372 4024 393 4061 s.
413 4007 502 4064 Πανὸς
519 4004 595 4060 πόλις
610 4018 656 4070 pro
672 4000 783 4069 ἄγαλμα
797 3997 932 4065 ὀρθιιικόν
946 3997 1012 4065 ἔχον
1025 3994 1055 4048 τὸ
1071 3996 1180 4050 αἰδοῖον

76 4096 182 4161 scripsit
200 4093 310 4147 tortasse
329 4089 459 4157 ὀρθαὶ-ζον
476 4095 505 4144 ut
523 4086 653 4145 Leonidas
671 4086 697 4139 in
715 4080 983 4138 sublimabit.
1001 4083 1119 4148 Πρίηπος
1136 4081 1179 4152 ὀρ-

77 4177 179 4233 ἐῆιέσας
197 4174 326 4245 ῥόπαλον.
