2648 4756
187 326 260 397 Q
379 324 431 337 ”’
546 314 868 384 bissttttuauto
902 314 953 383 ll.

187 484 346 577 ὦμοθῦιης
360 476 432 549 odd’
449 476 654 567 ἀγαθωσύνη.
682 481 793 547 Pollux
811 480 863 546 lll.
882 479 934 547 85.
962 472 984 562 ἡ
1004 473 1178 561 θοολοούνη
1199 476 1288 542 luor-
1320 472 1323 493 '

186 586 261 668 νόν,
288 586 340 650 cul
365 582 500 649 tamdiae
526 580 693 647 iusereuda
718 586 792 645 suut
811 575 1038 660 νελιυομοσὺνη
1057 577 1171 643 llerod.
1189 599 1289 641 νακο-

186 680 394 773 φμαὸμοοὼη
414 682 581 746 Democrit
602 678 690 745 Stob.
711 679 792 743 llor.
812 678 938 743 LXlllll
956 677 1006 743 62.
1028 694 1059 758 p.
1074 677 1147 759 473,
1159 676 1190 740 3.
1211 670 1289 757 66η-

186 780 310 870 poculum
330 779 469 863 ejusdcm
490 780 538 843 tl
558 779 609 845 55.
630 794 661 860 p.
681 776 733 859 82,
756 775 803 843 19.
823 784 854 841 ct
874 793 954 858 quae
974 778 1006 839 iu
1024 774 1210 855 astrologia
1230 776 1290 859 Lu·

188 884 269 951 ciaui
290 880 377 947 brori
404 895 441 943 so
461 876 625 941 interuallo
646 876 877 957 subsequuntur
896 871 1086 959 pomposiam,
1113 869 1288 957 τεκτοσύνη,

187 974 419 1064 ὖνοθημοούνη
448 984 507 1040 etc.
549 969 745 1056 Ἀὄημοούνη
771 974 993 1040 Grammaticus
1018 974 1117 1039 Bell.
1148 991 1179 1055 p.
1198 973 1247 1039 86.
1273 990 1289 1037 a

188 1080 394 1162 lleuopboute
414 1089 539 1156 quoquc
554 1075 705 1156 scriptum
718 1074 812 1137 relert
832 1074 1140 1156 memorabilibus,
1160 1074 1212 1138 ubi
1233 1072 1290 1137 bo-

188 1181 238 1246 dio
258 1194 321 1245 uon
342 1176 503 1257 reperitur,
524 1171 581 1236 sed
595 1172 794 1237 llulrukeuius
806 1174 983 1254 suspicatur
996 1174 1071 1236 olim
1084 1174 1289 1252 sicscriptum
1323 1193 1324 1221 t

189 1282 287 1346 tuisse
309 1292 348 1339 eo
368 1274 441 1337 loco
463 1287 525 1352 quo
546 1287 629 1334 uuuc
648 1265 916 1353 ἀνεπιστημοοώνη
936 1272 1076 1353 legimus.
1117 1270 1194 1335 lluic
1213 1286 1288 1334 vero

187 1380 391 1445 Buttmauuus
422 1368 599 1450 obloquitur
626 1370 659 1433 iu
686 1370 782 1433 berrii.
811 1370 846 1434 ll
876 1371 944 1435 137.
971 1370 1202 1434 dutiatticistas
1227 1385 1290 1432 uou

188 1478 344 1541 disserere
362 1485 422 1552 pro
443 1468 514 1533 aliis
534 1467 666 1533 uocibus
686 1484 776 1549 quum
796 1469 836 1532 iis
857 1485 936 1551 quae
957 1470 1165 1533 obAtticistis
1184 1484 1290 1550 repre·

189 1576 305 1639 lreusae
326 1572 450 1647 esseut3
485 1564 570 1648 quod
591 1566 620 1629 sl
639 1583 744 1630 uerum
765 1574 867 1649 esset,
901 1575 1002 1632 tameu
1028 1584 1093 1631 uou
1113 1568 1289 1636 couveuiret

188 1675 220 1737 iu
234 1661 448 1750 ἁὸοημοούνη,
468 1682 489 1727 a
509 1682 571 1746 quo
584 1666 756 1729 Atticorum
777 1682 855 1729 usus
875 1683 966 1748 quam
986 1668 1117 1730 maxime
1139 1667 1289 1731 abhorret.

187 1771 295 1849 deque
322 1781 387 1829 uou
413 1764 581 1843 persuadet
607 1757 761 1845 u’tdppoola
786 1780 850 1828 uou
876 1781 895 1828 a
922 1765 1018 1830 uerbo
1039 1757 1155 1847 ἆὸηοαι
1175 1764 1233 1829 sed
1254 1765 1289 1827 ab

187 1860 316 1947 ἀὸημεῖν
337 1862 517 1945 derivatum,
548 1861 610 1926 boc
630 1869 731 1927 autem
753 1880 774 1927 a
792 1863 891 1946 δῆμος
910 1865 1117 1944 compositum
1137 1880 1212 1927 esse
1232 1864 1290 1928 boc
1318 1864 1321 1941 i

187 1963 347 2036 intellectu
365 1978 428 2041 quo
450 1960 577 2024 uerbum
595 1961 802 2041 germanicum
824 1978 860 2025 ea
874 1964 918 2026 t‘at
935 1965 998 2025 mir
1013 1962 1213 2027 eetdmtteb.
1250 1965 1290 2029 lta

187 2062 268 2127 euim
286 2059 422 2139 disserit,
443 2060 569 2123 uomica
587 2060 619 2121 iu
639 2046 739 2141 Μ
759 2077 780 2125 a
798 2060 976 2125 verbalibus
999 2061 1145 2141 originem
1166 2062 1290 2137 babere,

186 2174 363 2242 quaerero
384 2170 448 2219 uou
475 2156 539 2221 siut
565 2157 704 2223 verbalia
729 2157 791 2223 alio
814 2158 934 2223 dellecti
954 2161 985 2223 iu
1006 2146 1093 2237 οἶνῖοἷ,
1121 2168 1289 2241 contraque

186 2258 361 2336 audogtam
382 2255 485 2319 lictum
506 2272 579 2320 esso
599 2272 620 2319 a
639 2255 828 2321 Callimacho
851 2253 1009 2339 duppoutu
1029 2274 1086 2339 pro
1108 2251 1289 2341 ἇπημοσίοη

186 2364 219 2423 et
237 2358 268 2421 iu
286 2354 399 2434 odyss.
415 2344 589 2436 ἀδαημονίη
603 2355 785 2423 commutari
800 2362 947 2435 oportere
963 2358 995 2420 iu
1008 2350 1194 2441 ἀδημοούνη
1211 2358 1289 2440 quod
1317 2400 1319 2437 ÷

186 2453 269 2521 llarl.
290 2450 429 2533 praebet.
476 2450 589 2515 llerum
608 2468 673 2515 uou
693 2445 849 2534 ὼιημονίο
869 2456 970 2518 solum
990 2454 1101 2534 legitur
1119 2454 1180 2519 sod
1202 2458 1289 2519 etiam
1316 2448 1319 2517 ἑ

185 2547 336 2632 εὐημονία
362 2544 498 2629 ἐμπειρία
524 2549 597 2613 Hes,
623 2552 874 2632 φιλοπραγμονία
899 2553 1002 2617 Schol.
1022 2552 1095 2615 Ettr.
1115 2552 1245 2634 Hippol
1265 2572 1288 2617 v.

187 2650 237 2715 ta„
258 2647 461 2728 oupeppoota
482 2648 514 2710 iu
535 2647 673 2712 secunda
699 2650 783 2713 Petri
804 2650 839 2714 ll.
862 2651 911 2716 16.
933 2649 1015 2732 apud
1036 2649 1212 2715 deteriores
1239 2646 1289 2715 εὐ-

183 2747 344 2831 ηνωμονίοι
370 2750 401 2810 et
428 2746 565 2810 sortasse
587 2747 757 2827 compluria
777 2747 952 2828 hujusmodi
973 2750 1045 2813 milti
1064 2764 1129 2813 uou
1150 2751 1288 2815 auimud·

185 2865 297 2925 uersa;
334 2858 433 2924 uuper
454 2845 534 2907 euim
560 2844 599 2909 ad
620 2846 698 2910 baec
717 2846 877 2911 attondere
906 2849 1004 2929 coepi.
1043 2847 1085 2913 lit
1105 2862 1145 2913 eu
1166 2846 1286 2913 diverso
1319 2898 1323 2905 .

183 2936 438 3027 κακοδαομοσύνη
456 2943 591 3007 llartetlt.
610 2943 658 3007 tv,
673 2944 743 3009 402
765 2944 849 3010 Suid
870 2963 896 3011 s,
914 2939 1058 3023 Ἀπίκιος,
1078 2939 1286 3028 εὐδαιμοσύνη
1318 3020 1320 3024 ,

184 3048 225 3110 ab
250 3044 390 3120 Archyta
417 3041 506 3105 Stob.
536 3041 593 3105 Tit.
615 3041 638 3104 l.
661 3042 709 3108 uti.
732 3061 760 3123 p.
786 3043 834 3125 14,
854 3044 904 3109 tu
932 3052 964 3109 et
991 3045 1060 3109 aliis
1081 3045 1285 3126 scriptoribus
1319 3100 1322 3105 .

183 3139 389 3205 llorieusibus
416 3138 612 3217 Euryplramo
636 3140 694 3205 Tit.
714 3142 788 3207 Clll.
811 3142 861 3209 tt.
882 3159 912 3223 p.
932 3143 1004 3224 355,
1024 3142 1073 3209 ta.
1101 3150 1134 3208 et
1161 3145 1284 3225 bletopo

183 3241 206 3305 l.
227 3238 277 3304 64.
299 3255 329 3319 p.
345 3236 394 3317 ll,
409 3235 459 3300 51.
481 3237 730 3317 frequentissime
751 3246 931 3320 usurpatum
954 3249 1064 3305 coutru
1084 3243 1286 3309 cousuetudi-
1318 3261 1321 3265 ·

183 3356 254 3404 uem
274 3335 373 3416 magis
401 3349 494 3423 quam
520 3344 630 3401 coutra
657 3338 840 3419 analogium.
889 3338 1086 3422 Quapropter
1112 3340 1189 3409 mibi
1216 3358 1285 3421 per-

183 3437 307 3504 suaderi
327 3450 392 3499 uou
413 3435 514 3515 patiar
535 3442 568 3498 ut
589 3428 742 3518 ἅδημονίοι
768 3436 891 3502 aliuude
910 3456 1001 3519 quam
1020 3439 1059 3503 ab
1079 3430 1212 3521 ἆὸημων
1232 3439 1284 3505 de-

181 3540 313 3603 rivatum
341 3540 444 3615 putem
479 3538 510 3597 et
543 3534 575 3597 iu
604 3534 796 3615 simplicibus
828 3534 991 3621 porocdvp
1015 3538 1116 3602 miuus
1143 3554 1282 3619 graecum
1317 3536 1319 3581 ἒ

182 3651 327 3703 causeam
349 3647 440 3713 quam
460 3633 604 3712 μοιτονία,
633 3649 763 3713 quorum
784 3634 860 3698 illud
880 3652 949 3701 cum
969 3632 1148 3723 ἁομόουνομ
1169 3654 1282 3702 coure-

182 3739 236 3819 uit,
256 3736 403 3801 boccum
421 3722 564 3813 ἁρμονία.
604 3731 693 3796 Adeo
714 3739 888 3805 arctasuut
901 3736 1062 3816 utriusque
1077 3736 1197 3801 formae
1210 3753 1282 3800 coo·
1316 3738 1321 3745 '

180 3837 261 3900 lluia
306 3824 502 3912 Ἡηεμοσύνη
529 3846 605 3894 uero
634 3831 662 3895 si
689 3832 760 3921 quis
788 3832 921 3897 diruisset
946 3850 1011 3897 uou
1036 3832 1139 3899 solum
1167 3833 1208 3899 ab
1235 3833 1281 3897 illa

181 3932 360 3997 aberrasset
382 3927 502 4011 rapula,
531 3945 622 4010 quam
639 3930 841 3996 Buttmauuus
863 3932 955 4011 vulgo
978 3932 1118 3997 obtiucro
1142 3932 1281 4013 ostendit,

182 4028 238 4096 sed
260 4029 299 4092 ab
322 4044 360 4091 ea
380 4043 504 4109 quoque
526 4045 588 4110 qua
607 4036 749 4095 saucium
770 4036 873 4095 estut
894 4031 998 4095 omuia
1016 4030 1195 4113 hujusmodi
1209 4031 1280 4096 sub·

180 4126 315 4197 atautiva
340 4128 480 4206 quartam
507 4126 546 4189 ab
574 4134 713 4193 extrema
739 4128 890 4209 syllabam
907 4118 1040 4210 'lougam
1067 4128 1205 4195 babeant
1224 4136 1279 4209 aut,
