2648 4756
162 306 217 391 no
524 298 850 369 nrssnnuerto
886 297 909 365 t

172 470 294 550 graecis
314 464 419 550 δάφνη
440 461 574 549 Δάφνος
593 485 621 531 v.
642 467 749 530 Lehrs.
769 464 948 530 trisenon
969 463 1048 529 Ain.
1080 465 1167 533 lteri
1179 473 1277 548 petest

173 576 208 633 ut
234 568 341 631 horum
370 566 597 649 eliquammnlta
618 582 682 629 non
707 565 834 647 abhis,
865 580 945 644 qnae
967 563 1144 647 opinamur,
1168 568 1274 647 princi-

173 667 233 748 piis
261 665 353 729 dueta
382 665 444 729 sint
471 663 528 728 sed
549 664 588 726 ab
611 665 784 728 obliteratis
806 663 1038 743 peregrinisque
1060 663 1148 726 siem
1171 663 1273 729 Gallae

172 779 285 826 nomen
299 764 467 828 Suetonius
489 760 608 827 dubitat
629 770 729 826 utrum
752 779 771 824 e
792 761 891 824 Gellia
912 760 1074 824 oriundum
1096 763 1140 825 sit
1162 778 1202 825 en
1223 762 1278 827 do-

172 863 349 941 mesticnm3
380 862 474 924 latine
502 861 582 923 enim
608 861 782 943 vermiculi,
811 861 864 942 qui
890 861 920 922 in
943 858 1080 922 aesculis
1101 867 1279 943 nascuntur,

174 960 368 1040 appellentur
394 959 505 1040 gelbue
532 974 551 1020 a
579 957 686 1021 colore
711 959 793 1038 gilvo
822 958 889 1022 sive
916 957 1068 1039 milano,
1097 964 1133 1020 nt
1161 959 1279 1039 opinor,

174 1056 255 1120 unde
283 1059 375 1121 etiam
401 1049 524 1137 poison,
556 1071 687 1136 nemque
715 1057 743 1119 is
764 1056 915 1119 mustelae
943 1054 1031 1120 color
1052 1073 1082 1119 v.
1102 1055 1217 1120 Donat
1240 1053 1279 1120 etl

175 1154 251 1219 Eun.
273 1156 320 1218 ltl.
333 1157 364 1237 l,
377 1155 426 1219 21.
468 1153 611 1234 luemque
632 1152 805 1231 significare
825 1152 945 1217 videtur
958 1169 1072 1217 nomen
1084 1153 1196 1237 llelva,
1216 1169 1281 1218 cum

175 1253 316 1317 leluolns
338 1252 498 1317 helveolus
520 1248 776 1331 comparatum³¹

257 1390 287 1458 s.
310 1384 338 1448 6.
381 1384 559 1447 Connernm
581 1382 628 1445 lis
651 1386 700 1444 est
721 1382 920 1462 peronmniae
941 1397 1039 1461 genus
1063 1380 1140 1447 illud
1157 1401 1222 1465 quo
1236 1385 1279 1448 ie-

174 1481 323 1545 minarum
344 1481 539 1543 continentur
559 1481 685 1543 nomine
705 1480 831 1560 propria
851 1472 1055 1560 'appellativis
1083 1483 1279 1563 propriisque

175 1577 522 1661 mascnlinlsutljunete
543 1572 681 1659 Πράνη,
700 1569 827 1658 ’Epium
845 1570 955 1660 Ἵππη,
979 1574 1141 1662 Κοσνύφη
1164 1597 1279 1663 epony·

176 1694 318 1759 mumque
340 1677 441 1757 Xolpoe
461 1675 572 1741 llerod.
594 1677 680 1739 Μον.
702 1691 731 1756 p.
744 1676 774 1741 8.
796 1675 894 1739 Crem.
911 1674 1042 1740 116263.
1064 1682 1159 1757 cnjus
1172 1678 1278 1759 duplex

176 1775 357 1855 principium
377 1781 481 1859 χοῖρος
501 1781 532 1839 et
554 1778 677 1856 Χοῖρος.
707 1775 804 1837 Varro
818 1773 851 1835 L.
866 1773 898 1837 L.
916 1773 990 1837 llll.
1012 1772 1041 1856 2,
1062 1774 1114 1839 85.
1140 1793 1163 1840 e
1183 1778 1276 1839 κατι·-

176 1871 245 1954 lus,
265 1872 372 1954 inquit,
393 1874 535 1953 sominae
557 1874 766 1951 declinantur,
789 1874 826 1933 ut
840 1874 888 1934 eet
904 1888 925 1934 c
940 1868 1105 1935 Terentius
1120 1872 1270 1953 Terentio,

176 1971 288 2052 quitus
309 1970 421 2037 similia
442 1978 514 2039 sunt
534 1988 613 2059 quae
633 1970 795 2034 Grimmlus
818 1967 947 2033 ereum.
964 1968 997 2031 Τ.
1012 1968 1062 2032 lll.
1078 1968 1153 2034 333.
1177 1986 1276 2034 enue-

177 2075 261 2131 tnste
279 2066 497 2137 Germanorum
512 2069 735 2139 consuetudine
750 2069 868 2149 prolert
881 2068 1277 2149 Alcmuenecttamame,

176 2167 399 2246 Amalnsrldno
420 2167 633 2253 Amalafridu,
657 2174 688 2230 et
708 2182 822 2248 graeca
838 2161 999 2246 Κλύμενος
1014 2161 1175 2250 Κλυμένη,
1197 2168 1276 2230 Klo-

175 2284 241 2340 τιος
262 2264 397 2344 litania,
420 2261 587 2347 ΙἎνκέριος
608 2265 774 2351 Hemoda,
792 2256 957 2338 Ἀσπᾶσιος
973 2256 1139 2342 Ἀσπασία,
1166 2259 1286 2329 Θεοδό-

175 2384 241 2438 τιος
265 2363 429 2443 Θεοᾶοτία,
453 2381 552 2451 neque
574 2364 613 2428 ab
635 2364 693 2429 leae
715 2362 815 2431 solnm
839 2361 1043 2429 declinatione
1067 2361 1124 2424 sed
1149 2364 1276 2427 etiamr

176 2463 274 2547 prima
295 2459 412 2546 Μάνης
435 2464 546 2526 Μανία
567 2470 597 2525 el
618 2478 637 2525 a
659 2463 750 2524 terlio
767 2454 900 2541 Ἀλκμάν
917 2453 1079 2543 Ἀλκμήνη,
1102 2460 1216 2541 &pm
1226 2464 1276 2524 Σι-

176 2556 275 2643 μαόνη,
302 2557 439 2643 Τρύφων
464 2555 645 2643 Τρύφαινα,
668 2554 780 2642 Κρέων
802 2551 964 2639 Κρέσασα,
987 2550 1114 2641 Κράτης
1137 2554 1276 2642 erimtu,

179 2676 198 2722 e
219 2659 402 2741 compositis
419 2651 648 2739 Ἑρμοκράτεια,
671 2654 825 2733 Anticlea,
842 2649 1028 2733 Ῥοδόκλεια,
1050 2654 1278 2721 Καλλιάνασσα

176 2756 261 2820 llaec
282 2764 353 2825 suut
381 2757 568 2820 imitamenta
595 2757 742 2820 mollonis
770 2754 907 2818 seruulis
929 2753 1049 2839 qualem
1071 2771 1169 2835 snpra
1193 2757 1225 2820 C.
1245 2755 1277 2820 ll.

178 2860 209 2927 §-
223 2852 252 2918 o.
276 2853 446 2935 descripsi3
467 2853 593 2934 proprie
606 2861 690 2939 mole
704 2852 763 2916 diei
779 2868 842 2914 non
861 2857 1002 2933 possunt.
1046 2849 1183 2916 Nomina
1195 2870 1279 2917 nem-

177 2968 237 3038 que
253 2951 484 3037 individuorum,
507 2957 540 3016 nt
555 2951 732 3017 Priscianus
754 2954 797 3014 eit
818 2949 853 3012 ll.
869 2951 899 3034 5,
913 2950 962 3014 73.
986 2951 1204 3017 conmunione
1225 2968 1279 3017 ne·

182 3108 475 3129 r--w—-v-r·

243 3199 289 3265 tl)
314 3200 343 3254 ln
357 3201 402 3253 illo
420 3199 659 3267 endronymteornm
677 3213 783 3254 numero
799 3200 962 3267 reperiuntur
972 3210 1040 3265 quae
1059 3211 1119 3250 cum
1133 3198 1279 3254 nominibus

177 3284 271 3351 topicis
289 3286 459 3347 conveniant;
478 3297 536 3334 nem
554 3279 634 3336 Cinna
652 3281 699 3335 luit
716 3281 839 3351 oppidum
858 3281 1009 3334 Samnitium
1027 3294 1051 3332 v.
1070 3279 1232 3349 wesseling.
1250 3279 1279 3335 ml

176 3364 254 3422 Illud.
278 3363 342 3420 Xlll.
366 3365 408 3422 76.
438 3365 538 3420 ilernle
559 3358 682 3430 Liguriae
704 3362 797 3418 luvttu
820 3364 884 3417 l'lin.
903 3363 950 3417 lll.
977 3363 1002 3418 t.
1039 3359 1138 3416 Cecinu
1164 3363 1280 3419 Etruriae

176 3446 238 3504 llel.
259 3450 292 3502 ll.
310 3449 335 3504 l.
362 3454 388 3503 et
413 3448 544 3516 quomodo
562 3447 669 3501 Romani
694 3446 886 3514 distinguuntur
912 3446 1032 3513 apposita
1054 3451 1116 3499 uota
1133 3449 1237 3514 patriae
1254 3451 1281 3499 ul

178 3533 216 3586 N.
237 3535 343 3600 nepteo
361 3532 484 3583 mamm
500 3531 524 3584 l.
545 3528 622 3584 caes.
642 3527 698 3582 Clu.
718 3529 738 3583 l.
756 3530 798 3585 ot.
817 3530 854 3583 ita
871 3530 997 3597 suspicari
1016 3529 1080 3583 licet
1094 3528 1201 3582 illorum
1213 3543 1279 3598 quo·

179 3628 231 3682 que
249 3615 384 3669 nonnullos
407 3613 439 3666 ab
457 3611 521 3666 urbo
540 3612 583 3666 uel
602 3611 669 3665 tribu
692 3612 734 3665 uel
758 3624 826 3679 pago
849 3626 943 3666 nomen
962 3611 1098 3679 accepisse
1117 3610 1233 3666 ablativo
1254 3612 1279 3663 ir

177 3699 361 3751 nominativum
382 3707 526 3759 convorso,
546 3693 659 3762 exempli
677 3706 757 3751 cansa
775 3693 847 3746 illum
860 3692 889 3747 C.
908 3693 995 3747 Verris
1010 3690 1179 3758 familiarem,
1206 3706 1279 3762 qne·

179 3781 273 3835 Cicero
291 3781 416 3844 nominet,
441 3776 582 3832 Aelnilinm
598 3777 690 3831 Albam
710 3776 743 3831 ab
761 3776 873 3844 oppido,
899 3775 968 3829 nude
988 3773 1063 3828 fictus
1081 3781 1123 3830 est
1140 3776 1210 3830 Alba
1227 3790 1278 3832 rer.

177 3861 222 3915 Sic
239 3862 284 3916 ttle
302 3862 397 3916 nobilis
415 3860 559 3928 Prochytee
579 3860 681 3916 insulae
701 3861 767 3914 ciris
785 3861 931 3914 etiamnunc
949 3864 1056 3911 uocatur
1067 3857 1205 3915 lohannes
1217 3859 1277 3913 l’ro-

178 3944 253 4012 elia,
279 3944 370 3998 doctus
396 3945 571 4011 Veronensis,
598 3945 644 4011 qul
666 3943 700 3999 tle
723 3946 777 3996 rita
799 3941 949 4009 pontilicnn
973 3940 1145 3994 lloneuornm
1169 3945 1276 4010 sculpsit,

178 4026 391 4082 Bartholomaeus
408 4029 508 4082 Platina
529 4041 544 4080 a
562 4029 645 4096 petria
661 4026 760 4080 Plattoe
776 4027 834 4081 sire
852 4025 976 4088 Piedena,
994 4029 1023 4077 nt
1039 4025 1123 4091 pictor
1137 4023 1276 4079 Germanus

178 4109 210 4168 ab
228 4110 307 4178 urbe,
326 4112 370 4168 itbt
390 4116 467 4169 nutus
485 4116 540 4177 est,
558 4109 643 4166 lucas
661 4106 786 4167 Cranaen.
