2648 4756
105 325 177 393 286
459 317 783 385 nlssnnrnnro
817 316 867 384 Vl.
1241 43 1249 465 ἶ

104 490 185 554 hane
205 483 444 565 disputationem
466 482 659 547 adoetrinae
670 485 889 564 grammaticae
902 485 1062 563 majestate
1074 482 1201 546 alienam
1242 470 1249 607 Ι

102 586 237 668 judicat,
262 583 290 645 is
319 597 426 663 parum
454 588 578 664 reputat
606 581 838 646 Grammaticnm
875 599 940 646 non
969 588 1109 645 constare
1137 583 1201 643 sine

106 681 403 763 etymologiarum
425 687 526 776 autem
548 680 730 744 simillimam
752 699 824 746 esse
845 681 907 745 ludi
929 680 1016 744 illins
1042 680 1092 760 qni
1118 679 1203 742 simul
1245 622 1250 763 ⁴

105 799 182 847 oasu
203 780 382 844 simularie
403 779 528 860 regitur,
550 784 580 842 et
601 779 632 841 in
652 779 712 843 irae
733 781 802 861 ipsa
823 781 1011 861 quaestione
1025 778 1132 842 evitari
1147 794 1203 840 non

105 898 204 964 posse
233 880 306 960 quin
334 880 531 957 conjecturas
558 877 589 939 in
620 876 751 941 medinm
775 880 928 958 jaciamus
957 884 1108 959 tanquam
1132 876 1203 939 talos

106 986 159 1044 aut
194 988 341 1043 tesseras.
400 973 462 1037 Sed
498 973 592 1039 redeo
621 974 801 1040 adcelera
854 978 887 1041 Si
915 994 1024 1040 rerum
1052 972 1203 1055 estquod

108 1076 302 1143 Grammatici
325 1071 447 1135 tradunt
469 1079 502 1135 ut
524 1073 615 1136 lones
636 1090 693 1154 pro
720 1070 870 1156 κότταβος
896 1075 1043 1157 praeoisa
1073 1089 1204 1138 oonsona

107 1177 237 1243 dixerint
259 1169 395 1254 ὅπαβος,
417 1179 658 1236 consentaneum
680 1172 800 1236 ridetur
820 1178 854 1235 nt
875 1174 967 1236 utinm
989 1172 1123 1236 ricinum
1144 1167 1204 1234 dte

106 1278 161 1361 βος
179 1276 249 1338 huio
271 1271 402 1336 familiae
424 1269 644 1332 vocabulorum
660 1272 853 1349 fragosorum
870 1270 1079 1335 adsorilratur.
1100 1271 1205 1335 Prori-

105 1390 186 1438 mum
216 1370 286 1433 inde
307 1368 410 1432 loounn
432 1368 558 1448 assigno
581 1368 689 1433 aribus
711 1386 730 1432 a
751 1371 839 1433 roois
861 1371 1056 1450 proprietate
1071 1370 1206 1434 denomi-
1248 1354 1249 1403 l

105 1472 189 1537 natis
215 1476 249 1533 ut
276 1485 295 1532 a
321 1467 413 1531 κίκκα
438 1466 552 1547 gallina
585 1466 743 1552 perdioes,
778 1484 857 1549 qnae
886 1474 958 1533 suut
989 1484 1006 1533 e
1035 1469 1204 1550 gallinaceo

107 1585 235 1652 genere,
262 1562 416 1650 κακκάβαι
441 1574 605 1648 vocantur,
632 1565 712 1630 unde
733 1564 858 1630 verbum
878 1566 1074 1648 maeoditem
1093 1576 1125 1632 et
1146 1569 1205 1650 pri-

107 1671 212 1734 mltiro
232 1668 361 1746 propius
383 1661 551 1744 aenaeum,
574 1666 685 1745 quibus
707 1664 817 1728 similia
838 1666 992 1748 κικκαβαῦ
1013 1674 1046 1730 et
1068 1661 1205 1748 κικκαβᾰ-

106 1769 174 1843 ζειν.
223 1763 332 1827 Pollux
364 1771 473 1826 anoton
502 1771 551 1828 est
577 1763 679 1838 κίπας
705 1763 898 1845 κιπαβίξειν,
935 1765 985 1826 oui
1017 1767 1204 1830 conveniens

105 1878 217 1927 nomen
239 1868 291 1924 aut
311 1860 426 1923 nullum
448 1861 501 1925 init
524 1878 656 1945 unquam
671 1868 723 1926 aut
741 1878 816 1925 easn
828 1860 991 1927 intercidit.
1033 1862 1205 1945 liespolrius

106 1958 251 2042 Γάραβος
271 1952 438 2039 ὀλολυγώιι,
460 1961 627 2039 porratam
647 1958 819 2041 significare
847 1958 987 2041 ridetur3
1014 1978 1089 2026 nam
1117 1976 1206 2027 ranae

104 2063 255 2141 parmam
281 2056 411 2122 Martial.
438 2058 486 2122 lll.
513 2057 587 2122 93.2
627 2059 655 2122 Α
685 2058 847 2122 vocalibus
881 2064 1007 2123 transeo
1041 2059 1083 2125 ad
1119 2068 1205 2124 muta

107 2156 203 2223 Yuori
239 2160 396 2221 vorantur
427 2156 599 2220 snarodoer'
628 2160 799 2220 terrestres
826 2194 859 2200 --
894 2174 1010 2222 nomen
1043 2160 1204 2223 corniculo

106 2258 222 2324 dedere
242 2256 317 2320 Plin.
339 2253 428 2319 xlx
452 2256 498 2335 (5)
523 2254 569 2320 12.
602 2262 632 2319 et
661 2254 900 2319 scarabaeorum
926 2256 1068 2337 ipsorum
1098 2274 1204 2321 nomen

104 2372 250 2440 graeotmt
272 2361 320 2419 est
341 2349 471 2436 κάραβοι
492 2355 559 2417 sive
579 2349 726 2436 κὲραμβοι
747 2371 766 2416 a
785 2349 891 2432 κέρας,
919 2354 969 2419 vel
1000 2359 1035 2417 trt
1055 2354 1204 2420 Arcadius

106 2476 136 2541 p.
157 2446 206 2524 87.
228 2449 313 2535 παρὰ
332 2449 368 2516 τὸ
389 2447 478 2533 κάρη,
501 2452 581 2517 unde
604 2454 693 2517 etiam
715 2453 802 2533 καρίς
813 2460 975 2517 arcessunt
989 2454 1055 2518 Eli.
1072 2454 1145 2532 491,
1159 2455 1203 2519 tt.

105 2572 164 2618 neo
185 2555 288 2632 refert,
310 2568 379 2613 nam
400 2545 491 2629 κέρας
512 2559 542 2614 et
563 2547 643 2630 κάρα
664 2552 767 2613 multis
789 2552 868 2614 inter
890 2566 925 2614 se
946 2553 1123 2618 rationibus
1150 2556 1203 2617 im-

106 2651 219 2733 plicata
240 2656 321 2712 sunt.
362 2649 389 2712 Α
411 2648 521 2729 plurali
543 2646 581 2711 τὰ
601 2647 839 2729 κῦλακύκκαβοι
860 2643 986 2712 {maium
1008 2647 1081 2715 Hes.
1105 2649 1205 2716 auda-

104 2772 144 2833 νη
163 2742 304 2828 κανιιάβη
326 2745 392 2809 sire
412 2742 541 2827 aarvdlip,
564 2746 646 2827 quod
667 2748 746 2828 apud
776 2748 890 2811 Suidau
919 2747 1030 2828 legitur
1061 2751 1132 2814 sine
1159 2752 1204 2813 in-

105 2848 327 2930 terpretatione
349 2843 404 2907 sed
426 2845 499 2907 nihil
521 2843 602 2908 aliud
625 2863 696 2909 esse
718 2851 823 2928 potest
852 2863 941 2927 qnam
970 2850 1123 2913 ouooobo
1157 2858 1204 2912 tu·

105 2951 241 3030 gurinm3
262 2939 417 3025 κάκκαβος
449 2943 627 3022 proplasma
648 2945 708 3007 hue
736 2950 785 3007 est
813 2944 914 3024 imago
942 2950 1090 3010 extremis
1118 2948 1203 3012 lineis

105 3046 301 3124 adumbrata,
336 3043 538 3122 hominesque
565 3042 719 3105 macilenti
754 3048 783 3104 et
812 3044 1048 3125 rnonogrammi‚
1078 3062 1204 3126 quornm

104 3136 195 3221 σκέλη
218 3135 370 3218 καλάμινα
398 3139 473 3200 l’lat.
503 3139 586 3202 Com.
617 3141 648 3204 T.
677 3141 712 3204 ll.
742 3138 811 3204 diti.
839 3148 869 3202 ot
897 3141 986 3220 σῶμα
1014 3141 1204 3225 κακανάβινον

103 3237 194 3301 nuth.
216 3236 263 3299 xl.
303 3236 368 3299 107.
396 3236 456 3315 ipsi
485 3230 635 3316 κάνναβοι
661 3244 812 3298 vocantur
845 3246 875 3300 et
902 3233 1067 3303 κολόκανοι
1096 3243 1146 3307 rel
1174 3251 1202 3305 ut

103 3332 272 3399 lleinelrins
295 3342 402 3397 censet
424 3349 453 3415 p.
477 3333 546 3398 789.
568 3329 816 3416 κολοκανναβοι3
838 3342 867 3399 et
900 3336 938 3400 ab
968 3338 1076 3404 eadem
1106 3351 1203 3407 meta-

103 3435 201 3516 phora
222 3433 330 3514 σχιζίαι
350 3431 534 3496 solidiorum
562 3432 687 3497 similes.
715 3433 872 3516 Κίκκαβος
900 3441 931 3497 et
956 3437 1066 3509 ψωθία
1095 3457 1204 3503 numo-

103 3608 397 3624 —-—-—-——-=-

167 3714 196 3779 2)
216 3710 406 3778 Lerlrograplri
425 3712 504 3763 nostri
523 3710 556 3763 ad
575 3711 678 3778 ἄραβος
695 3710 825 3777 reiorum,
852 3717 893 3766 eni
914 3714 1044 3780 digamma
1061 3717 1201 3784 praefixum

112 3812 171 3850 s.

101 3813 129 3853 ‘²⁵
146 3814 196 3944 e3)
214 3881 263 3932 Pro
281 3875 450 3944 κικιαὲβιυμα
468 3874 634 3942 Aristophani
653 3874 830 3942 καικαὶβιυμα
851 3879 1041 3934 restituendum
1067 3897 1131 3939 esso
1152 3888 1200 3951 jau

102 3961 197 4012 eludam
227 3959 405 4013 Selmeidorns
434 3958 612 4012 aninmdverlit
639 3957 678 4009 ud
711 3959 788 4010 Arist.
817 3961 844 4012 T.
871 3962 916 4014 lll.
945 3963 1001 4018 138.
1027 3967 1200 4032 negleetnsa

102 4042 213 4106 lterglio
239 4058 263 4107 p.
288 4044 361 4097 root.
388 4041 517 4106 syllabam
544 4043 650 4106 primam
675 4039 777 4105 longam
806 4057 866 4097 osse
892 4051 992 4099 constat
1014 4049 1063 4102 sed
1090 4065 1199 4104 consona

100 4131 181 4175 utrum
201 4125 310 4186 simplex
333 4137 364 4172 an
384 4125 512 4186 geminata
531 4126 572 4187 sit,
590 4135 641 4175 uon
660 4124 703 4175 ita.
