<?xml version="1.0" encoding="UTF-8"?>
<!DOCTYPE html PUBLIC "-//W3C//DTD XHTML 1.0 Transitional//EN"
    "http://www.w3.org/TR/xhtml1/DTD/xhtml1-transitional.dtd">
<html xmlns="http://www.w3.org/1999/xhtml" xml:lang="en" lang="en">
 <head>
  <title>
</title>
<meta http-equiv="Content-Type" content="text/html;charset=utf-8" />
  <meta name='ocr-system' content='tesseract 3.04.00' />
  <meta name='ocr-capabilities' content='ocr_page ocr_carea ocr_par ocr_line ocrx_word'/>
</head>
<body>
  <div class='ocr_page' id='page_1' title='image "./pathologiaeserm00lobegoog_0195.png"; bbox 0 0 2648 4756; ppageno 0'>
   <div class='ocr_carea' id='block_1_1' title="bbox 158 312 906 390">
    <p class='ocr_par' dir='ltr' id='par_1_1' title="bbox 158 312 906 390">
     <span class='ocr_line' id='line_1_1' title="bbox 158 312 906 390; baseline -0.013 -1"><span class='ocrx_word' id='word_1_1' title='bbox 158 322 227 390; x_wconf 69' lang='lat'><strong>182</strong></span> <span class='ocrx_word' id='word_1_2' title='bbox 501 312 830 381; x_wconf 76' lang='lat' dir='ltr'><strong>uissnnunlio</strong></span> <span class='ocrx_word' id='word_1_3' title='bbox 858 314 906 380; x_wconf 80' lang='lat' dir='ltr'><strong>ii.</strong></span> 
     </span>
    </p>
   </div>
   <div class='ocr_carea' id='block_1_2' title="bbox 110 477 1281 3823">
    <p class='ocr_par' dir='ltr' id='par_1_2' title="bbox 111 477 1269 664">
     <span class='ocr_line' id='line_1_2' title="bbox 111 477 1269 565; baseline -0.009 -14"><span class='ocrx_word' id='word_1_4' title='bbox 111 522 114 527; x_wconf 93' lang='lat'>·</span> <span class='ocrx_word' id='word_1_5' title='bbox 162 494 225 552; x_wconf 89' lang='lat' dir='ltr'><strong>tum</strong></span> <span class='ocrx_word' id='word_1_6' title='bbox 251 489 360 565; x_wconf 81' lang='lat' dir='ltr'><strong>putant</strong></span> <span class='ocrx_word' id='word_1_7' title='bbox 389 499 416 545; x_wconf 86' lang='lat' dir='ltr'><strong>v.</strong></span> <span class='ocrx_word' id='word_1_8' title='bbox 443 482 563 546; x_wconf 83' lang='lat' dir='ltr'><strong>Comes</strong></span> <span class='ocrx_word' id='word_1_9' title='bbox 590 480 631 545; x_wconf 82' lang='lat' dir='ltr'><strong>etl</strong></span> <span class='ocrx_word' id='word_1_10' title='bbox 658 480 736 547; x_wconf 82' lang='lat' dir='ltr'>l’lut.</span> <span class='ocrx_word' id='word_1_11' title='bbox 765 481 800 546; x_wconf 82' lang='grc' dir='ltr'><strong>Τ.</strong></span> <span class='ocrx_word' id='word_1_12' title='bbox 825 480 875 545; x_wconf 84' lang='lat' dir='ltr'><strong>lli.</strong></span> <span class='ocrx_word' id='word_1_13' title='bbox 904 478 976 545; x_wconf 81' lang='grc'><strong>460.</strong></span> <span class='ocrx_word' id='word_1_14' title='bbox 1005 477 1110 543; x_wconf 80' lang='lat' dir='ltr'><strong>libert.</strong></span> <span class='ocrx_word' id='word_1_15' title='bbox 1136 477 1269 543; x_wconf 79' lang='lat' dir='ltr'><strong>nissen.</strong></span> 
     </span>
     <span class='ocr_line' id='line_1_3' title="bbox 163 581 380 664; baseline -0.023 -14"><span class='ocrx_word' id='word_1_16' title='bbox 163 583 256 651; x_wconf 85' lang='lat' dir='ltr'><strong>Sioul.</strong></span> <span class='ocrx_word' id='word_1_17' title='bbox 277 601 307 664; x_wconf 85' lang='lat' dir='ltr'><strong>p.</strong></span> <span class='ocrx_word' id='word_1_18' title='bbox 330 581 380 646; x_wconf 85' lang='grc'><strong>46.</strong></span> 
     </span>
    </p>

    <p class='ocr_par' dir='ltr' id='par_1_3' title="bbox 110 675 1281 3823">
     <span class='ocr_line' id='line_1_4' title="bbox 244 675 1268 759; baseline -0.006 -16"><span class='ocrx_word' id='word_1_19' title='bbox 244 684 275 754; x_wconf 76' lang='lat'><strong>§-</strong></span> <span class='ocrx_word' id='word_1_20' title='bbox 298 679 327 744; x_wconf 84' lang='lat'><strong>3.</strong></span> <span class='ocrx_word' id='word_1_21' title='bbox 368 679 618 759; x_wconf 86' lang='lat' dir='ltr'><strong>Disputationem</strong></span> <span class='ocrx_word' id='word_1_22' title='bbox 645 676 685 741; x_wconf 86' lang='lat' dir='ltr'><strong>vlo</strong></span> <span class='ocrx_word' id='word_1_23' title='bbox 712 676 874 757; x_wconf 80' lang='lat' dir='ltr'><strong>edjeotivis</strong></span> <span class='ocrx_word' id='word_1_24' title='bbox 901 690 965 741; x_wconf 90' lang='lat' dir='ltr'><strong>non</strong></span> <span class='ocrx_word' id='word_1_25' title='bbox 987 675 1094 756; x_wconf 77' lang='lat' dir='ltr'><strong>nntius</strong></span> <span class='ocrx_word' id='word_1_26' title='bbox 1116 675 1268 755; x_wconf 83' lang='lat' dir='ltr'><strong>euspiemi</strong></span> 
     </span>
     <span class='ocr_line' id='line_1_5' title="bbox 163 773 1270 862; baseline -0.005 -19"><span class='ocrx_word' id='word_1_27' title='bbox 163 794 293 862; x_wconf 86' lang='lat' dir='ltr'><strong>possum</strong></span> <span class='ocrx_word' id='word_1_28' title='bbox 314 795 406 859; x_wconf 87' lang='lat' dir='ltr'>quum</span> <span class='ocrx_word' id='word_1_29' title='bbox 430 779 459 841; x_wconf 89' lang='lat' dir='ltr'><strong>si</strong></span> <span class='ocrx_word' id='word_1_30' title='bbox 486 777 525 841; x_wconf 82' lang='lat' dir='ltr'><strong>nb</strong></span> <span class='ocrx_word' id='word_1_31' title='bbox 546 776 714 841; x_wconf 82' lang='lat' dir='ltr'><strong>llerotlioni</strong></span> <span class='ocrx_word' id='word_1_32' title='bbox 736 782 905 857; x_wconf 84' lang='lat' dir='ltr'><strong>prueeopto</strong></span> <span class='ocrx_word' id='word_1_33' title='bbox 933 774 1036 838; x_wconf 84' lang='lat' dir='ltr'><strong>ontliur</strong></span> <span class='ocrx_word' id='word_1_34' title='bbox 1057 774 1111 854; x_wconf 85' lang='lat' dir='ltr'><strong>qui</strong></span> <span class='ocrx_word' id='word_1_35' title='bbox 1133 773 1270 854; x_wconf 75' lang='lat' dir='ltr'><strong>trisylla-</strong></span> 
     </span>
     <span class='ocr_line' id='line_1_6' title="bbox 163 872 1270 957; baseline -0.005 -14"><span class='ocrx_word' id='word_1_36' title='bbox 163 879 273 943; x_wconf 89' lang='lat' dir='ltr'>borum</span> <span class='ocrx_word' id='word_1_37' title='bbox 302 893 382 957; x_wconf 80' lang='lat' dir='ltr'><strong>quae</strong></span> <span class='ocrx_word' id='word_1_38' title='bbox 411 884 579 941; x_wconf 79' lang='lat' dir='ltr'>extremam</span> <span class='ocrx_word' id='word_1_39' title='bbox 607 882 745 956; x_wconf 78' lang='lat' dir='ltr'><strong>neutum,</strong></span> <span class='ocrx_word' id='word_1_40' title='bbox 774 880 931 938; x_wconf 79' lang='lat' dir='ltr'><strong>extremae</strong></span> <span class='ocrx_word' id='word_1_41' title='bbox 954 874 1127 954; x_wconf 82' lang='lat' dir='ltr'><strong>proximum</strong></span> <span class='ocrx_word' id='word_1_42' title='bbox 1148 872 1270 937; x_wconf 82' lang='lat' dir='ltr'><strong>brevem</strong></span> 
     </span>
     <span class='ocr_line' id='line_1_7' title="bbox 163 967 1272 1056; baseline -0.006 -16"><span class='ocrx_word' id='word_1_43' title='bbox 163 976 340 1056; x_wconf 71' lang='lat' dir='ltr'>nullamque</span> <span class='ocrx_word' id='word_1_44' title='bbox 361 983 432 1039; x_wconf 88' lang='lat' dir='ltr'><strong>onte</strong></span> <span class='ocrx_word' id='word_1_45' title='bbox 455 974 699 1056; x_wconf 86' lang='lat' dir='ltr'><strong>olphnvooelom</strong></span> <span class='ocrx_word' id='word_1_46' title='bbox 714 971 859 1054; x_wconf 78' lang='lat' dir='ltr'><strong>labeant,</strong></span> <span class='ocrx_word' id='word_1_47' title='bbox 880 973 1002 1035; x_wconf 81' lang='lat' dir='ltr'><strong>unicum</strong></span> <span class='ocrx_word' id='word_1_48' title='bbox 1024 988 1098 1035; x_wconf 89' lang='lat' dir='ltr'><strong>esse</strong></span> <span class='ocrx_word' id='word_1_49' title='bbox 1119 970 1196 1037; x_wconf 88' lang='lat' dir='ltr'><strong>dioit</strong></span> <span class='ocrx_word' id='word_1_50' title='bbox 1216 967 1272 1034; x_wconf 83' lang='grc' dir='ltr'><strong>οὐ·</strong></span> 
     </span>
     <span class='ocr_line' id='line_1_8' title="bbox 166 1064 1270 1157; baseline -0.003 -19"><span class='ocrx_word' id='word_1_51' title='bbox 166 1070 278 1157; x_wconf 72' lang='grc' dir='ltr'><strong>(κενός,</strong></span> <span class='ocrx_word' id='word_1_52' title='bbox 307 1091 378 1138; x_wconf 86' lang='lat' dir='ltr'><strong>nom</strong></span> <span class='ocrx_word' id='word_1_53' title='bbox 407 1080 512 1137; x_wconf 81' lang='lat' dir='ltr'><strong>cetere</strong></span> <span class='ocrx_word' id='word_1_54' title='bbox 538 1075 667 1153; x_wconf 79' lang='lat' dir='ltr'><strong>unimam</strong></span> <span class='ocrx_word' id='word_1_55' title='bbox 695 1073 810 1137; x_wconf 77' lang='lat' dir='ltr'><strong>hebere</strong></span> <span class='ocrx_word' id='word_1_56' title='bbox 836 1078 946 1133; x_wconf 86' lang='lat' dir='ltr'><strong>netum</strong></span> <span class='ocrx_word' id='word_1_57' title='bbox 975 1071 1118 1134; x_wconf 86' lang='lat' dir='ltr'><strong>brevem:</strong></span> <span class='ocrx_word' id='word_1_58' title='bbox 1149 1064 1270 1151; x_wconf 70' lang='grc' dir='ltr'>ἀγαυός,</span> 
     </span>
     <span class='ocr_line' id='line_1_9' title="bbox 165 1164 1272 1256; baseline -0.006 -18"><span class='ocrx_word' id='word_1_59' title='bbox 165 1169 328 1256; x_wconf 70' lang='lat' dir='ltr'><strong>toarensis,</strong></span> <span class='ocrx_word' id='word_1_60' title='bbox 344 1167 507 1254; x_wconf 75' lang='grc' dir='ltr'><strong><em>σφεδανός,</em></strong></span> <span class='ocrx_word' id='word_1_61' title='bbox 529 1166 647 1250; x_wconf 62' lang='lat' dir='ltr'><strong>elavos,</strong></span> <span class='ocrx_word' id='word_1_62' title='bbox 668 1165 819 1252; x_wconf 75' lang='grc' dir='ltr'><strong><em>ὀρφανός,</em></strong></span> <span class='ocrx_word' id='word_1_63' title='bbox 840 1165 984 1247; x_wconf 67' lang='lat' dir='ltr'><strong>nolanos,</strong></span> <span class='ocrx_word' id='word_1_64' title='bbox 1004 1164 1142 1247; x_wconf 77' lang='grc' dir='ltr'><strong><em>ὁοᾶανός</em></strong></span> <span class='ocrx_word' id='word_1_65' title='bbox 1155 1175 1188 1233; x_wconf 89' lang='lat' dir='ltr'><strong>el</strong></span> <span class='ocrx_word' id='word_1_66' title='bbox 1202 1186 1272 1233; x_wconf 82' lang='lat' dir='ltr'><strong>eor-</strong></span> 
     </span>
     <span class='ocr_line' id='line_1_10' title="bbox 167 1264 1271 1354; baseline -0.006 -17"><span class='ocrx_word' id='word_1_67' title='bbox 167 1274 227 1354; x_wconf 86' lang='lat' dir='ltr'><strong>ripi</strong></span> <span class='ocrx_word' id='word_1_68' title='bbox 255 1272 334 1336; x_wconf 81' lang='lat' dir='ltr'><strong>odeo</strong></span> <span class='ocrx_word' id='word_1_69' title='bbox 363 1287 443 1352; x_wconf 80' lang='lat' dir='ltr'><strong>quae</strong></span> <span class='ocrx_word' id='word_1_70' title='bbox 465 1289 484 1334; x_wconf 86' lang='lat' dir='ltr'><strong>n</strong></span> <span class='ocrx_word' id='word_1_71' title='bbox 505 1271 657 1352; x_wconf 83' lang='lat' dir='ltr'><strong>prinoipio</strong></span> <span class='ocrx_word' id='word_1_72' title='bbox 687 1270 782 1349; x_wconf 72' lang='lat' dir='ltr'><strong>longo</strong></span> <span class='ocrx_word' id='word_1_73' title='bbox 811 1270 1052 1350; x_wconf 67' lang='lat' dir='ltr'><strong>profectuum,</strong></span> <span class='ocrx_word' id='word_1_74' title='bbox 1079 1267 1139 1331; x_wconf 78' lang='grc' dir='ltr'><strong>ἵκω</strong></span> <span class='ocrx_word' id='word_1_75' title='bbox 1161 1264 1271 1344; x_wconf 72' lang='grc' dir='ltr'><strong><em>ἱκανός,</em></strong></span> 
     </span>
     <span class='ocr_line' id='line_1_11' title="bbox 167 1364 1273 1448; baseline -0.005 -12"><span class='ocrx_word' id='word_1_76' title='bbox 167 1374 268 1436; x_wconf 73' lang='grc' dir='ltr'><strong>πείθω</strong></span> <span class='ocrx_word' id='word_1_77' title='bbox 288 1366 434 1443; x_wconf 72' lang='grc' dir='ltr'><strong><em>πιθανός,</em></strong></span> <span class='ocrx_word' id='word_1_78' title='bbox 455 1368 527 1433; x_wconf 76' lang='grc' dir='ltr'><strong>εἴσω</strong></span> <span class='ocrx_word' id='word_1_79' title='bbox 547 1364 662 1444; x_wconf 65' lang='lat' dir='ltr'><strong>linoln.</strong></span> <span class='ocrx_word' id='word_1_80' title='bbox 691 1369 775 1433; x_wconf 82' lang='lat' dir='ltr'><strong>lleeo</strong></span> <span class='ocrx_word' id='word_1_81' title='bbox 795 1384 871 1431; x_wconf 86' lang='lat' dir='ltr'><strong>vero</strong></span> <span class='ocrx_word' id='word_1_82' title='bbox 894 1367 997 1430; x_wconf 82' lang='lat' dir='ltr'><strong>omnia</strong></span> <span class='ocrx_word' id='word_1_83' title='bbox 1017 1364 1175 1445; x_wconf 72' lang='lat' dir='ltr'><strong>adjective</strong></span> <span class='ocrx_word' id='word_1_84' title='bbox 1196 1373 1273 1448; x_wconf 86' lang='lat' dir='ltr'><strong>sunt,</strong></span> 
     </span>
     <span class='ocr_line' id='line_1_12' title="bbox 169 1465 1272 1552; baseline -0.003 -18"><span class='ocrx_word' id='word_1_85' title='bbox 169 1470 317 1552; x_wconf 83' lang='lat' dir='ltr'><strong>pleneque</strong></span> <span class='ocrx_word' id='word_1_86' title='bbox 345 1487 365 1533; x_wconf 87' lang='lat' dir='ltr'><strong>o</strong></span> <span class='ocrx_word' id='word_1_87' title='bbox 390 1467 494 1532; x_wconf 85' lang='lat' dir='ltr'><strong>verbis</strong></span> <span class='ocrx_word' id='word_1_88' title='bbox 522 1467 630 1551; x_wconf 81' lang='lat' dir='ltr'><strong>dueta,</strong></span> <span class='ocrx_word' id='word_1_89' title='bbox 665 1482 745 1548; x_wconf 78' lang='lat' dir='ltr'><strong>quae</strong></span> <span class='ocrx_word' id='word_1_90' title='bbox 773 1466 844 1529; x_wconf 82' lang='lat' dir='ltr'><strong>sole</strong></span> <span class='ocrx_word' id='word_1_91' title='bbox 870 1465 1085 1545; x_wconf 76' lang='lat' dir='ltr'>complectitur</span> <span class='ocrx_word' id='word_1_92' title='bbox 1111 1465 1220 1531; x_wconf 81' lang='lat' dir='ltr'><strong>Solvol</strong></span> <span class='ocrx_word' id='word_1_93' title='bbox 1243 1466 1272 1531; x_wconf 90' lang='lat' dir='ltr'><strong>ll.</strong></span> 
     </span>
     <span class='ocr_line' id='line_1_13' title="bbox 169 1557 1274 1650; baseline -0.007 -16"><span class='ocrx_word' id='word_1_94' title='bbox 169 1569 246 1635; x_wconf 79' lang='lat' dir='ltr'><strong>xiv.</strong></span> <span class='ocrx_word' id='word_1_95' title='bbox 262 1568 330 1635; x_wconf 74' lang='lat' dir='ltr'><strong>lui.</strong></span> <span class='ocrx_word' id='word_1_96' title='bbox 351 1568 489 1650; x_wconf 70' lang='grc' dir='ltr'><strong>γίνονταί</strong></span> <span class='ocrx_word' id='word_1_97' title='bbox 508 1586 579 1628; x_wconf 68' lang='grc' dir='ltr'><strong>τινα</strong></span> <span class='ocrx_word' id='word_1_98' title='bbox 598 1560 660 1629; x_wconf 80' lang='grc' dir='ltr'><strong>ἀπὸ</strong></span> <span class='ocrx_word' id='word_1_99' title='bbox 680 1560 828 1648; x_wconf 56' lang='lat' dir='ltr'><strong>§omitum</strong></span> <span class='ocrx_word' id='word_1_100' title='bbox 847 1557 983 1640; x_wconf 80' lang='grc' dir='ltr'><strong><em>ὀξύτονσ</em></strong></span> <span class='ocrx_word' id='word_1_101' title='bbox 1002 1559 1081 1646; x_wconf 64' lang='grc' dir='ltr'><strong>ὅπερ</strong></span> <span class='ocrx_word' id='word_1_102' title='bbox 1096 1557 1156 1647; x_wconf 76' lang='grc' dir='ltr'><strong>τὴν</strong></span> <span class='ocrx_word' id='word_1_103' title='bbox 1172 1565 1274 1646; x_wconf 73' lang='grc' dir='ltr'><em>τρίτην</em></span> 
     </span>
     <span class='ocr_line' id='line_1_14' title="bbox 170 1656 1274 1748; baseline -0.005 -18"><span class='ocrx_word' id='word_1_104' title='bbox 170 1662 233 1730; x_wconf 74' lang='grc' dir='ltr'><strong>ἀπὸ</strong></span> <span class='ocrx_word' id='word_1_105' title='bbox 253 1662 360 1739; x_wconf 76' lang='grc' dir='ltr'><strong><em>τέλους</em></strong></span> <span class='ocrx_word' id='word_1_106' title='bbox 380 1663 437 1746; x_wconf 65' lang='grc' dir='ltr'><strong>ἔχει</strong></span> <span class='ocrx_word' id='word_1_107' title='bbox 456 1666 602 1747; x_wconf 73' lang='grc' dir='ltr'><strong><em>βραχεῖαν</em></strong></span> <span class='ocrx_word' id='word_1_108' title='bbox 621 1658 796 1748; x_wconf 72' lang='grc' dir='ltr'><strong><em>ἢαύτόθεν</em></strong></span> <span class='ocrx_word' id='word_1_109' title='bbox 816 1656 879 1726; x_wconf 76' lang='grc' dir='ltr'><strong>ἀπὸ</strong></span> <span class='ocrx_word' id='word_1_110' title='bbox 893 1663 959 1725; x_wconf 79' lang='grc' dir='ltr'><strong>τῶν</strong></span> <span class='ocrx_word' id='word_1_111' title='bbox 976 1658 1128 1743; x_wconf 71' lang='grc' dir='ltr'><strong><em>ῥημάτων</em></strong></span> <span class='ocrx_word' id='word_1_112' title='bbox 1140 1667 1274 1745; x_wconf 73' lang='grc' dir='ltr'><strong><em>μετειλη-</em></strong></span> 
     </span>
     <span class='ocr_line' id='line_1_15' title="bbox 171 1757 1275 1847; baseline -0.002 -21"><span class='ocrx_word' id='word_1_113' title='bbox 171 1760 255 1847; x_wconf 81' lang='grc' dir='ltr'><strong>φότα</strong></span> <span class='ocrx_word' id='word_1_114' title='bbox 274 1758 318 1837; x_wconf 76' lang='grc' dir='ltr'><strong>ὡς</strong></span> <span class='ocrx_word' id='word_1_115' title='bbox 338 1757 462 1844; x_wconf 69' lang='grc' dir='ltr'><strong>ἀγαυός,</strong></span> <span class='ocrx_word' id='word_1_116' title='bbox 484 1758 645 1845; x_wconf 81' lang='grc' dir='ltr'><em>στεγανός,</em></span> <span class='ocrx_word' id='word_1_117' title='bbox 666 1760 688 1846; x_wconf 77' lang='grc' dir='ltr'><em>ἢ</em></span> <span class='ocrx_word' id='word_1_118' title='bbox 708 1760 743 1826; x_wconf 79' lang='grc' dir='ltr'><strong>ἐκ</strong></span> <span class='ocrx_word' id='word_1_119' title='bbox 761 1762 882 1845; x_wconf 75' lang='grc' dir='ltr'><strong><em>μακρᾶς</em></strong></span> <span class='ocrx_word' id='word_1_120' title='bbox 900 1760 943 1834; x_wconf 76' lang='grc' dir='ltr'><strong>εἰς</strong></span> <span class='ocrx_word' id='word_1_121' title='bbox 962 1762 1109 1842; x_wconf 76' lang='grc' dir='ltr'><strong>βραχεῖαν</strong></span> <span class='ocrx_word' id='word_1_122' title='bbox 1127 1757 1275 1843; x_wconf 71' lang='grc' dir='ltr'><strong>μεθιστά-</strong></span> 
     </span>
     <span class='ocr_line' id='line_1_16' title="bbox 170 1856 1274 1945; baseline 0 -21"><span class='ocrx_word' id='word_1_123' title='bbox 170 1881 248 1945; x_wconf 75' lang='grc' dir='ltr'><strong>μενα</strong></span> <span class='ocrx_word' id='word_1_124' title='bbox 268 1856 311 1936; x_wconf 78' lang='grc' dir='ltr'><strong>ὥς</strong></span> <span class='ocrx_word' id='word_1_125' title='bbox 324 1857 433 1943; x_wconf 77' lang='grc' dir='ltr'><strong><em>τρώγω</em></strong></span> <span class='ocrx_word' id='word_1_126' title='bbox 445 1859 609 1944; x_wconf 78' lang='grc' dir='ltr'><strong><em>τραγανός,</em></strong></span> <span class='ocrx_word' id='word_1_127' title='bbox 630 1861 704 1926; x_wconf 74' lang='grc' dir='ltr'><strong>εἵσω</strong></span> <span class='ocrx_word' id='word_1_128' title='bbox 723 1857 840 1938; x_wconf 69' lang='lat' dir='ltr'><strong>Coenos,</strong></span> <span class='ocrx_word' id='word_1_129' title='bbox 860 1857 928 1943; x_wconf 79' lang='grc' dir='ltr'><strong>ἥδω</strong></span> <span class='ocrx_word' id='word_1_130' title='bbox 949 1856 1068 1937; x_wconf 64' lang='lat' dir='ltr'><strong>ideone,</strong></span> <span class='ocrx_word' id='word_1_131' title='bbox 1091 1878 1149 1943; x_wconf 85' lang='lat' dir='ltr'><strong>pro</strong></span> <span class='ocrx_word' id='word_1_132' title='bbox 1165 1861 1274 1941; x_wconf 86' lang='lat' dir='ltr'><strong>quihus</strong></span> 
     </span>
     <span class='ocr_line' id='line_1_17' title="bbox 170 1956 1276 2043; baseline -0.001 -20"><span class='ocrx_word' id='word_1_133' title='bbox 170 1960 236 2024; x_wconf 87' lang='lat' dir='ltr'><strong>lili.</strong></span> <span class='ocrx_word' id='word_1_134' title='bbox 264 1959 335 2043; x_wconf 83' lang='grc'><strong>568,</strong></span> <span class='ocrx_word' id='word_1_135' title='bbox 362 1960 412 2025; x_wconf 78' lang='lat'><strong>29.</strong></span> <span class='ocrx_word' id='word_1_136' title='bbox 438 1957 575 2036; x_wconf 73' lang='grc' dir='ltr'><strong><em>πιθανός</em></strong></span> <span class='ocrx_word' id='word_1_137' title='bbox 601 1968 633 2024; x_wconf 87' lang='lat' dir='ltr'><strong>et</strong></span> <span class='ocrx_word' id='word_1_138' title='bbox 658 1956 783 2042; x_wconf 78' lang='grc' dir='ltr'><strong><em>λιχανός</em></strong></span> <span class='ocrx_word' id='word_1_139' title='bbox 809 1960 841 2040; x_wconf 85' lang='lat' dir='ltr'><strong>(n</strong></span> <span class='ocrx_word' id='word_1_140' title='bbox 868 1959 971 2040; x_wconf 71' lang='grc' dir='ltr'><strong>λείχω)</strong></span> <span class='ocrx_word' id='word_1_141' title='bbox 999 1960 1097 2025; x_wconf 76' lang='lat' dir='ltr'><strong>offert</strong></span> <span class='ocrx_word' id='word_1_142' title='bbox 1145 1960 1276 2025; x_wconf 87' lang='lat' dir='ltr'><strong>Brevius</strong></span> 
     </span>
     <span class='ocr_line' id='line_1_18' title="bbox 171 2057 1277 2140; baseline -0.001 -18"><span class='ocrx_word' id='word_1_143' title='bbox 171 2057 324 2122; x_wconf 78' lang='lat' dir='ltr'><strong>Avoetlins</strong></span> <span class='ocrx_word' id='word_1_144' title='bbox 342 2076 422 2139; x_wconf 85' lang='lat' dir='ltr'><strong>quoe</strong></span> <span class='ocrx_word' id='word_1_145' title='bbox 436 2060 609 2123; x_wconf 76' lang='lat' dir='ltr'><strong>femininam</strong></span> <span class='ocrx_word' id='word_1_146' title='bbox 626 2058 813 2140; x_wconf 76' lang='lat' dir='ltr'><strong>positionem</strong></span> <span class='ocrx_word' id='word_1_147' title='bbox 828 2058 971 2140; x_wconf 79' lang='lat' dir='ltr'><strong>habeant,</strong></span> <span class='ocrx_word' id='word_1_148' title='bbox 993 2064 1085 2123; x_wconf 80' lang='lat' dir='ltr'><strong>uouto</strong></span> <span class='ocrx_word' id='word_1_149' title='bbox 1100 2073 1181 2122; x_wconf 92' lang='lat' dir='ltr'><strong>sono</strong></span> <span class='ocrx_word' id='word_1_150' title='bbox 1198 2075 1277 2122; x_wconf 89' lang='lat' dir='ltr'><strong>oon·</strong></span> 
     </span>
     <span class='ocr_line' id='line_1_19' title="bbox 173 2150 1278 2240; baseline -0.001 -19"><span class='ocrx_word' id='word_1_151' title='bbox 173 2154 254 2221; x_wconf 83' lang='lat' dir='ltr'><strong>eludi</strong></span> <span class='ocrx_word' id='word_1_152' title='bbox 282 2155 364 2222; x_wconf 88' lang='lat' dir='ltr'><strong>dicit.</strong></span> <span class='ocrx_word' id='word_1_153' title='bbox 411 2152 573 2240; x_wconf 74' lang='grc' dir='ltr'><strong>Τραγανός</strong></span> <span class='ocrx_word' id='word_1_154' title='bbox 598 2163 630 2221; x_wconf 92' lang='lat' dir='ltr'><strong>et</strong></span> <span class='ocrx_word' id='word_1_155' title='bbox 656 2158 839 2238; x_wconf 85' lang='lat' dir='ltr'><strong>primitivum</strong></span> <span class='ocrx_word' id='word_1_156' title='bbox 865 2150 979 2236; x_wconf 76' lang='grc' dir='ltr'><em>τράγος</em></span> <span class='ocrx_word' id='word_1_157' title='bbox 1005 2157 1035 2220; x_wconf 90' lang='lat' dir='ltr'><strong>si</strong></span> <span class='ocrx_word' id='word_1_158' title='bbox 1061 2172 1129 2221; x_wconf 86' lang='lat' dir='ltr'><strong>oum</strong></span> <span class='ocrx_word' id='word_1_159' title='bbox 1154 2161 1278 2238; x_wconf 72' lang='lat' dir='ltr'><strong>eooyeiv</strong></span> 
     </span>
     <span class='ocr_line' id='line_1_20' title="bbox 173 2253 1277 2338; baseline 0.001 -19"><span class='ocrx_word' id='word_1_160' title='bbox 173 2261 340 2335; x_wconf 76' lang='lat' dir='ltr'><strong>oogneium</strong></span> <span class='ocrx_word' id='word_1_161' title='bbox 351 2262 409 2338; x_wconf 84' lang='lat' dir='ltr'><strong>est,</strong></span> <span class='ocrx_word' id='word_1_162' title='bbox 424 2256 575 2337; x_wconf 76' lang='lat' dir='ltr'><strong>principio</strong></span> <span class='ocrx_word' id='word_1_163' title='bbox 590 2255 722 2319; x_wconf 77' lang='lat' dir='ltr'>edulium</span> <span class='ocrx_word' id='word_1_164' title='bbox 737 2254 929 2335; x_wconf 76' lang='lat' dir='ltr'><strong>sigoiuoamt,</strong></span> <span class='ocrx_word' id='word_1_165' title='bbox 944 2253 1054 2317; x_wconf 86' lang='lat' dir='ltr'><strong>deinde</strong></span> <span class='ocrx_word' id='word_1_166' title='bbox 1067 2270 1124 2334; x_wconf 87' lang='lat' dir='ltr'><strong>per</strong></span> <span class='ocrx_word' id='word_1_167' title='bbox 1137 2256 1277 2321; x_wconf 81' lang='lat' dir='ltr'><strong>exoohen</strong></span> 
     </span>
     <span class='ocr_line' id='line_1_21' title="bbox 174 2346 1277 2437; baseline 0.003 -21"><span class='ocrx_word' id='word_1_168' title='bbox 174 2352 285 2418; x_wconf 81' lang='lat' dir='ltr'><strong>nlieam</strong></span> <span class='ocrx_word' id='word_1_169' title='bbox 305 2356 372 2417; x_wconf 91' lang='lat' dir='ltr'><strong>sive</strong></span> <span class='ocrx_word' id='word_1_170' title='bbox 393 2357 562 2437; x_wconf 75' lang='lat' dir='ltr'><strong>ptisanam,</strong></span> <span class='ocrx_word' id='word_1_171' title='bbox 598 2355 679 2417; x_wconf 86' lang='lat' dir='ltr'><strong>siout</strong></span> <span class='ocrx_word' id='word_1_172' title='bbox 699 2349 832 2435; x_wconf 81' lang='grc' dir='ltr'><strong><em>σαισάνη</em></strong></span> <span class='ocrx_word' id='word_1_173' title='bbox 852 2346 872 2434; x_wconf 79' lang='grc' dir='ltr'><em>ἡ</em></span> <span class='ocrx_word' id='word_1_174' title='bbox 894 2347 1026 2433; x_wconf 75' lang='grc' dir='ltr'><strong><em>πτισάνη</em></strong></span> <span class='ocrx_word' id='word_1_175' title='bbox 1043 2348 1132 2433; x_wconf 70' lang='grc' dir='ltr'><strong>παρὰ</strong></span> <span class='ocrx_word' id='word_1_176' title='bbox 1151 2350 1189 2419; x_wconf 75' lang='grc' dir='ltr'><strong>τὸ</strong></span> <span class='ocrx_word' id='word_1_177' title='bbox 1209 2354 1277 2419; x_wconf 78' lang='lat' dir='ltr'><strong>iul-</strong></span> 
     </span>
     <span class='ocr_line' id='line_1_22' title="bbox 174 2450 1277 2535; baseline 0.004 -21"><span class='ocrx_word' id='word_1_178' title='bbox 174 2456 292 2514; x_wconf 80' lang='grc' dir='ltr'><strong><em>σασθαι</em></strong></span> <span class='ocrx_word' id='word_1_179' title='bbox 313 2452 376 2515; x_wconf 85' lang='lat' dir='ltr'>llll.</span> <span class='ocrx_word' id='word_1_180' title='bbox 394 2461 553 2532; x_wconf 85' lang='lat' dir='ltr'><strong>postremo</strong></span> <span class='ocrx_word' id='word_1_181' title='bbox 568 2451 791 2532; x_wconf 80' lang='lat' dir='ltr'><strong>oartiluginem,</strong></span> <span class='ocrx_word' id='word_1_182' title='bbox 813 2455 902 2529; x_wconf 80' lang='lat' dir='ltr'><strong>eujus</strong></span> <span class='ocrx_word' id='word_1_183' title='bbox 920 2466 1031 2515; x_wconf 90' lang='lat' dir='ltr'><strong>nomen</strong></span> <span class='ocrx_word' id='word_1_184' title='bbox 1044 2466 1192 2530; x_wconf 77' lang='lat' dir='ltr'><strong>greeoum</strong></span> <span class='ocrx_word' id='word_1_185' title='bbox 1204 2450 1277 2535; x_wconf 79' lang='grc' dir='ltr'><strong><em>χόν-</em></strong></span> 
     </span>
     <span class='ocr_line' id='line_1_23' title="bbox 174 2543 1279 2635; baseline 0.005 -25"><span class='ocrx_word' id='word_1_186' title='bbox 174 2547 247 2628; x_wconf 76' lang='grc' dir='ltr'><strong>δρος</strong></span> <span class='ocrx_word' id='word_1_187' title='bbox 263 2556 423 2628; x_wconf 85' lang='lat' dir='ltr'><strong>utromque</strong></span> <span class='ocrx_word' id='word_1_188' title='bbox 440 2549 655 2628; x_wconf 76' lang='lat' dir='ltr'><strong>complectitur</strong></span> <span class='ocrx_word' id='word_1_189' title='bbox 667 2550 922 2629; x_wconf 79' lang='lat' dir='ltr'><strong>signiileaiionem</strong></span> <span class='ocrx_word' id='word_1_190' title='bbox 935 2543 1279 2635; x_wconf 74' lang='grc' dir='ltr'><strong><em>σκκσναρόςεύτραφής</em></strong></span> 
     </span>
     <span class='ocr_line' id='line_1_24' title="bbox 110 2647 1279 2728; baseline 0.006 -19"><span class='ocrx_word' id='word_1_191' title='bbox 110 2674 116 2685; x_wconf 91' lang='grc'><em>·</em></span> <span class='ocrx_word' id='word_1_192' title='bbox 175 2654 367 2709; x_wconf 86' lang='lat' dir='ltr'><strong>oontmotum</strong></span> <span class='ocrx_word' id='word_1_193' title='bbox 381 2665 408 2711; x_wconf 92' lang='lat' dir='ltr'><strong>v.</strong></span> <span class='ocrx_word' id='word_1_194' title='bbox 424 2648 554 2710; x_wconf 86' lang='lat' dir='ltr'><strong>llissert.</strong></span> <span class='ocrx_word' id='word_1_195' title='bbox 569 2648 616 2709; x_wconf 88' lang='lat' dir='ltr'><strong>vi.</strong></span> <span class='ocrx_word' id='word_1_196' title='bbox 632 2656 663 2723; x_wconf 82' lang='lat'><strong>§-</strong></span> <span class='ocrx_word' id='word_1_197' title='bbox 672 2650 701 2712; x_wconf 91' lang='grc'><strong>5.</strong></span> <span class='ocrx_word' id='word_1_198' title='bbox 710 2647 870 2728; x_wconf 85' lang='lat' dir='ltr'><strong>simileque</strong></span> <span class='ocrx_word' id='word_1_199' title='bbox 885 2648 980 2709; x_wconf 84' lang='lat' dir='ltr'><strong>latino</strong></span> <span class='ocrx_word' id='word_1_200' title='bbox 995 2647 1075 2711; x_wconf 83' lang='lat' dir='ltr'><strong>olion</strong></span> <span class='ocrx_word' id='word_1_201' title='bbox 1087 2648 1118 2711; x_wconf 93' lang='lat' dir='ltr'><strong>id</strong></span> <span class='ocrx_word' id='word_1_202' title='bbox 1133 2658 1184 2714; x_wconf 89' lang='lat' dir='ltr'><strong>est</strong></span> <span class='ocrx_word' id='word_1_203' title='bbox 1197 2653 1279 2716; x_wconf 89' lang='lat' dir='ltr'><strong>olibi-</strong></span> 
     </span>
     <span class='ocr_line' id='line_1_25' title="bbox 175 2743 1278 2825; baseline 0.01 -19"><span class='ocrx_word' id='word_1_204' title='bbox 175 2743 214 2807; x_wconf 87' lang='lat' dir='ltr'><strong>lis</strong></span> <span class='ocrx_word' id='word_1_205' title='bbox 228 2746 294 2808; x_wconf 91' lang='lat' dir='ltr'><strong>sivo</strong></span> <span class='ocrx_word' id='word_1_206' title='bbox 307 2745 421 2808; x_wconf 78' lang='lat' dir='ltr'>ulubris</span> <span class='ocrx_word' id='word_1_207' title='bbox 435 2746 515 2808; x_wconf 87' lang='lat' dir='ltr'><strong>Fosi.</strong></span> <span class='ocrx_word' id='word_1_208' title='bbox 552 2746 741 2825; x_wconf 80' lang='lat' dir='ltr'><strong>Signiiootio</strong></span> <span class='ocrx_word' id='word_1_209' title='bbox 767 2746 910 2825; x_wconf 79' lang='lat' dir='ltr'><strong>adjectivi</strong></span> <span class='ocrx_word' id='word_1_210' title='bbox 927 2753 957 2810; x_wconf 88' lang='lat' dir='ltr'><strong>et</strong></span> <span class='ocrx_word' id='word_1_211' title='bbox 973 2748 1161 2813; x_wconf 84' lang='lat' dir='ltr'><strong>substantivi</strong></span> <span class='ocrx_word' id='word_1_212' title='bbox 1182 2753 1278 2817; x_wconf 84' lang='lat' dir='ltr'><strong>melin</strong></span> 
     </span>
     <span class='ocr_line' id='line_1_26' title="bbox 177 2841 1278 2933; baseline 0.008 -27"><span class='ocrx_word' id='word_1_213' title='bbox 177 2849 273 2907; x_wconf 89' lang='lat' dir='ltr'><strong>estet</strong></span> <span class='ocrx_word' id='word_1_214' title='bbox 296 2842 365 2906; x_wconf 88' lang='lat' dir='ltr'><strong>ideo</strong></span> <span class='ocrx_word' id='word_1_215' title='bbox 392 2850 539 2907; x_wconf 85' lang='lat' dir='ltr'><strong>uooentus</strong></span> <span class='ocrx_word' id='word_1_216' title='bbox 561 2845 731 2926; x_wconf 78' lang='lat' dir='ltr'><strong>instabilis3</strong></span> <span class='ocrx_word' id='word_1_217' title='bbox 752 2841 884 2927; x_wconf 75' lang='grc' dir='ltr'><strong><em>χόισρος</em></strong></span> <span class='ocrx_word' id='word_1_218' title='bbox 901 2841 1053 2927; x_wconf 67' lang='lat' dir='ltr'><strong>moyseos</strong></span> <span class='ocrx_word' id='word_1_219' title='bbox 1068 2848 1203 2928; x_wconf 82' lang='lat' dir='ltr'><strong>Hesyelu.</strong></span> <span class='ocrx_word' id='word_1_220' title='bbox 1220 2870 1278 2933; x_wconf 88' lang='lat' dir='ltr'><strong>quo</strong></span> 
     </span>
     <span class='ocr_line' id='line_1_27' title="bbox 177 2942 1279 3026; baseline 0.008 -21"><span class='ocrx_word' id='word_1_221' title='bbox 177 2942 313 3021; x_wconf 86' lang='lat' dir='ltr'><strong>epitheto</strong></span> <span class='ocrx_word' id='word_1_222' title='bbox 336 2943 459 3023; x_wconf 86' lang='lat' dir='ltr'><strong>speeies</strong></span> <span class='ocrx_word' id='word_1_223' title='bbox 482 2942 580 3005; x_wconf 80' lang='lat' dir='ltr'><strong>alione</strong></span> <span class='ocrx_word' id='word_1_224' title='bbox 599 2942 750 3006; x_wconf 82' lang='lat' dir='ltr'><strong>deeloruni</strong></span> <span class='ocrx_word' id='word_1_225' title='bbox 766 2944 886 3007; x_wconf 87' lang='lat' dir='ltr'><strong>videtur</strong></span> <span class='ocrx_word' id='word_1_226' title='bbox 903 2964 930 3009; x_wconf 92' lang='lat' dir='ltr'><strong>v.</strong></span> <span class='ocrx_word' id='word_1_227' title='bbox 947 2945 1108 3026; x_wconf 82' lang='lat' dir='ltr'><strong>Sprengel.</strong></span> <span class='ocrx_word' id='word_1_228' title='bbox 1122 2947 1161 3010; x_wconf 86' lang='lat' dir='ltr'><strong>nd</strong></span> <span class='ocrx_word' id='word_1_229' title='bbox 1177 2950 1279 3015; x_wconf 86' lang='lat' dir='ltr'><strong>llioso.</strong></span> 
     </span>
     <span class='ocr_line' id='line_1_28' title="bbox 176 3035 1279 3127; baseline 0.01 -25"><span class='ocrx_word' id='word_1_230' title='bbox 176 3040 246 3102; x_wconf 78' lang='grc'><strong>457.</strong></span> <span class='ocrx_word' id='word_1_231' title='bbox 277 3039 333 3103; x_wconf 86' lang='lat' dir='ltr'><strong>sed</strong></span> <span class='ocrx_word' id='word_1_232' title='bbox 360 3040 556 3103; x_wconf 80' lang='lat' dir='ltr'><strong>substantive</strong></span> <span class='ocrx_word' id='word_1_233' title='bbox 583 3041 680 3119; x_wconf 81' lang='lat' dir='ltr'><strong>magis</strong></span> <span class='ocrx_word' id='word_1_234' title='bbox 709 3035 902 3123; x_wconf 79' lang='grc' dir='ltr'><strong><em>ὁτραγανός</em></strong></span> <span class='ocrx_word' id='word_1_235' title='bbox 921 3044 979 3106; x_wconf 81' lang='grc' dir='ltr'><strong>τοῦ</strong></span> <span class='ocrx_word' id='word_1_236' title='bbox 998 3038 1078 3117; x_wconf 78' lang='grc' dir='ltr'><strong><em>ὠτός</em></strong></span> <span class='ocrx_word' id='word_1_237' title='bbox 1106 3046 1231 3127; x_wconf 76' lang='lat' dir='ltr'><strong>(trogus</strong></span> <span class='ocrx_word' id='word_1_238' title='bbox 1252 3058 1279 3113; x_wconf 90' lang='lat' dir='ltr'><strong>ot</strong></span> 
     </span>
     <span class='ocr_line' id='line_1_29' title="bbox 177 3136 1280 3225; baseline 0.01 -26"><span class='ocrx_word' id='word_1_239' title='bbox 177 3136 364 3215; x_wconf 74' lang='lat' dir='ltr'><strong>unlitrngus)</strong></span> <span class='ocrx_word' id='word_1_240' title='bbox 391 3139 422 3198; x_wconf 89' lang='lat' dir='ltr'><strong>in</strong></span> <span class='ocrx_word' id='word_1_241' title='bbox 450 3136 527 3200; x_wconf 88' lang='lat' dir='ltr'><strong>Med.</strong></span> <span class='ocrx_word' id='word_1_242' title='bbox 555 3139 655 3218; x_wconf 84' lang='lat' dir='ltr'><strong>Mosq.</strong></span> <span class='ocrx_word' id='word_1_243' title='bbox 678 3140 745 3205; x_wconf 75' lang='lat'><strong>127.</strong></span> <span class='ocrx_word' id='word_1_244' title='bbox 756 3142 783 3183; x_wconf 80' lang='lat'><strong>¹⁸</strong></span> <span class='ocrx_word' id='word_1_245' title='bbox 810 3138 941 3222; x_wconf 77' lang='grc' dir='ltr'><strong><em>χόνδρος</em></strong></span> <span class='ocrx_word' id='word_1_246' title='bbox 966 3136 1003 3205; x_wconf 85' lang='grc' dir='ltr'><strong>τὸ</strong></span> <span class='ocrx_word' id='word_1_247' title='bbox 1030 3137 1065 3205; x_wconf 74' lang='grc' dir='ltr'><strong>ἐν</strong></span> <span class='ocrx_word' id='word_1_248' title='bbox 1090 3148 1156 3216; x_wconf 82' lang='grc' dir='ltr'><em>τοῖς</em></span> <span class='ocrx_word' id='word_1_249' title='bbox 1183 3141 1280 3225; x_wconf 77' lang='grc' dir='ltr'><strong><em>μέλεσι</em></strong></span> 
     </span>
     <span class='ocr_line' id='line_1_30' title="bbox 176 3228 1280 3323; baseline 0.014 -30"><span class='ocrx_word' id='word_1_250' title='bbox 176 3228 334 3312; x_wconf 78' lang='grc' dir='ltr'><strong><em>τραγανόν</em></strong></span> <span class='ocrx_word' id='word_1_251' title='bbox 362 3232 527 3298; x_wconf 81' lang='lat' dir='ltr'><strong>Herodian.</strong></span> <span class='ocrx_word' id='word_1_252' title='bbox 555 3236 653 3315; x_wconf 85' lang='lat' dir='ltr'><strong>Epim.</strong></span> <span class='ocrx_word' id='word_1_253' title='bbox 683 3237 751 3303; x_wconf 84' lang='lat'>152.</span> <span class='ocrx_word' id='word_1_254' title='bbox 779 3239 836 3302; x_wconf 85' lang='lat' dir='ltr'><strong>sed</strong></span> <span class='ocrx_word' id='word_1_255' title='bbox 870 3234 904 3302; x_wconf 85' lang='grc' dir='ltr'><strong>τὸ</strong></span> <span class='ocrx_word' id='word_1_256' title='bbox 930 3236 1088 3321; x_wconf 78' lang='grc' dir='ltr'><strong>τράγανον</strong></span> <span class='ocrx_word' id='word_1_257' title='bbox 1114 3243 1169 3322; x_wconf 79' lang='grc' dir='ltr'><strong>τῆς</strong></span> <span class='ocrx_word' id='word_1_258' title='bbox 1198 3242 1280 3323; x_wconf 79' lang='grc' dir='ltr'><strong><em>ῥινός</em></strong></span> 
     </span>
     <span class='ocr_line' id='line_1_31' title="bbox 177 3330 1280 3421; baseline 0.013 -25"><span class='ocrx_word' id='word_1_259' title='bbox 177 3332 280 3396; x_wconf 81' lang='lat' dir='ltr'><strong>Melet.</strong></span> <span class='ocrx_word' id='word_1_260' title='bbox 303 3330 341 3396; x_wconf 79' lang='lat' dir='ltr'><strong>tle</strong></span> <span class='ocrx_word' id='word_1_261' title='bbox 362 3332 431 3398; x_wconf 82' lang='lat' dir='ltr'><strong>Nat.</strong></span> <span class='ocrx_word' id='word_1_262' title='bbox 445 3333 533 3399; x_wconf 87' lang='lat' dir='ltr'>llum.</span> <span class='ocrx_word' id='word_1_263' title='bbox 546 3336 594 3399; x_wconf 93' lang='lat' dir='ltr'>lll.</span> <span class='ocrx_word' id='word_1_264' title='bbox 614 3335 663 3399; x_wconf 82' lang='lat'><strong>73.</strong></span> <span class='ocrx_word' id='word_1_265' title='bbox 683 3335 851 3417; x_wconf 79' lang='grc' dir='ltr'><strong><em>Σφεσανός</em></strong></span> <span class='ocrx_word' id='word_1_266' title='bbox 867 3340 914 3403; x_wconf 90' lang='lat' dir='ltr'><strong>sio</strong></span> <span class='ocrx_word' id='word_1_267' title='bbox 925 3346 958 3401; x_wconf 92' lang='lat' dir='ltr'><strong>ut</strong></span> <span class='ocrx_word' id='word_1_268' title='bbox 973 3335 1112 3421; x_wconf 76' lang='grc' dir='ltr'><strong><em>σφοδρός</em></strong></span> <span class='ocrx_word' id='word_1_269' title='bbox 1125 3358 1144 3404; x_wconf 83' lang='lat' dir='ltr'><strong>n</strong></span> <span class='ocrx_word' id='word_1_270' title='bbox 1159 3341 1280 3409; x_wconf 74' lang='grc' dir='ltr'><strong><em>σπεύσω</em></strong></span> 
     </span>
     <span class='ocr_line' id='line_1_32' title="bbox 178 3431 1280 3527; baseline 0.011 -31"><span class='ocrx_word' id='word_1_271' title='bbox 178 3431 337 3513; x_wconf 81' lang='lat' dir='ltr'><strong>delapsum</strong></span> <span class='ocrx_word' id='word_1_272' title='bbox 359 3449 431 3497; x_wconf 86' lang='lat' dir='ltr'><strong>esse</strong></span> <span class='ocrx_word' id='word_1_273' title='bbox 451 3433 614 3496; x_wconf 83' lang='lat' dir='ltr'><strong>Eustatluio</strong></span> <span class='ocrx_word' id='word_1_274' title='bbox 636 3432 824 3517; x_wconf 84' lang='lat' dir='ltr'><strong>p.1065,1.</strong></span> <span class='ocrx_word' id='word_1_275' title='bbox 847 3436 973 3501; x_wconf 85' lang='lat' dir='ltr'><strong>medere</strong></span> <span class='ocrx_word' id='word_1_276' title='bbox 1000 3455 1064 3501; x_wconf 94' lang='lat' dir='ltr'><strong>non</strong></span> <span class='ocrx_word' id='word_1_277' title='bbox 1091 3455 1280 3527; x_wconf 78' lang='lat' dir='ltr'><strong>recusemus,</strong></span> 
     </span>
     <span class='ocr_line' id='line_1_33' title="bbox 178 3531 1280 3620; baseline 0.01 -26"><span class='ocrx_word' id='word_1_278' title='bbox 178 3548 279 3612; x_wconf 86' lang='lat' dir='ltr'><strong>neque</strong></span> <span class='ocrx_word' id='word_1_279' title='bbox 313 3532 494 3597; x_wconf 79' lang='lat' dir='ltr'><strong>hallucinari</strong></span> <span class='ocrx_word' id='word_1_280' title='bbox 524 3531 666 3597; x_wconf 83' lang='lat' dir='ltr'><strong>videntur</strong></span> <span class='ocrx_word' id='word_1_281' title='bbox 692 3535 745 3612; x_wconf 83' lang='lat' dir='ltr'><strong>qui</strong></span> <span class='ocrx_word' id='word_1_282' title='bbox 773 3550 812 3597; x_wconf 79' lang='lat' dir='ltr'><strong>ox</strong></span> <span class='ocrx_word' id='word_1_283' title='bbox 839 3531 905 3598; x_wconf 70' lang='grc' dir='ltr'><strong>ὅσω</strong></span> <span class='ocrx_word' id='word_1_284' title='bbox 934 3538 1062 3618; x_wconf 82' lang='lat' dir='ltr'>primum</span> <span class='ocrx_word' id='word_1_285' title='bbox 1090 3534 1177 3620; x_wconf 76' lang='grc' dir='ltr'><strong><em>ἥσω,</em></strong></span> <span class='ocrx_word' id='word_1_286' title='bbox 1214 3543 1280 3606; x_wconf 88' lang='lat' dir='ltr'><strong>hino</strong></span> 
     </span>
     <span class='ocr_line' id='line_1_34' title="bbox 178 3626 1281 3723; baseline 0.006 -29"><span class='ocrx_word' id='word_1_287' title='bbox 178 3626 289 3704; x_wconf 79' lang='grc' dir='ltr'><strong><em>ἕσανός</em></strong></span> <span class='ocrx_word' id='word_1_288' title='bbox 310 3632 451 3694; x_wconf 79' lang='lat' dir='ltr'><strong>extitisse</strong></span> <span class='ocrx_word' id='word_1_289' title='bbox 473 3636 581 3712; x_wconf 85' lang='lat' dir='ltr'><strong>putant</strong></span> <span class='ocrx_word' id='word_1_290' title='bbox 601 3628 741 3693; x_wconf 83' lang='lat' dir='ltr'><strong>Eustotln.</strong></span> <span class='ocrx_word' id='word_1_291' title='bbox 763 3646 793 3712; x_wconf 87' lang='lat' dir='ltr'><strong>p.</strong></span> <span class='ocrx_word' id='word_1_292' title='bbox 818 3631 886 3716; x_wconf 78' lang='lat'><strong>128,</strong></span> <span class='ocrx_word' id='word_1_293' title='bbox 907 3635 935 3698; x_wconf 85' lang='grc'><strong>4.</strong></span> <span class='ocrx_word' id='word_1_294' title='bbox 957 3653 986 3716; x_wconf 84' lang='lat' dir='ltr'><strong>p.</strong></span> <span class='ocrx_word' id='word_1_295' title='bbox 1007 3634 1077 3718; x_wconf 77' lang='lat' dir='ltr'><strong>eii,</strong></span> <span class='ocrx_word' id='word_1_296' title='bbox 1094 3638 1145 3703; x_wconf 89' lang='grc'><strong>53.</strong></span> <span class='ocrx_word' id='word_1_297' title='bbox 1156 3640 1185 3681; x_wconf 82' lang='lat'><strong>¹⁹</strong></span> <span class='ocrx_word' id='word_1_298' title='bbox 1208 3633 1281 3723; x_wconf 85' lang='grc' dir='ltr'><strong>’ορ-</strong></span> 
     </span>
     <span class='ocr_line' id='line_1_35' title="bbox 179 3725 1281 3823; baseline 0.005 -29"><span class='ocrx_word' id='word_1_299' title='bbox 179 3725 281 3811; x_wconf 83' lang='grc' dir='ltr'><strong><em>φανός</em></strong></span> <span class='ocrx_word' id='word_1_300' title='bbox 300 3728 380 3794; x_wconf 90' lang='lat' dir='ltr'><strong>unde</strong></span> <span class='ocrx_word' id='word_1_301' title='bbox 401 3728 571 3794; x_wconf 81' lang='lat' dir='ltr'><strong>derivatum</strong></span> <span class='ocrx_word' id='word_1_302' title='bbox 599 3728 641 3793; x_wconf 90' lang='lat' dir='ltr'><strong>sit</strong></span> <span class='ocrx_word' id='word_1_303' title='bbox 661 3735 792 3809; x_wconf 83' lang='lat' dir='ltr'><strong>opponet</strong></span> <span class='ocrx_word' id='word_1_304' title='bbox 812 3746 850 3794; x_wconf 82' lang='lat' dir='ltr'><strong>en</strong></span> <span class='ocrx_word' id='word_1_305' title='bbox 873 3733 979 3815; x_wconf 78' lang='lat' dir='ltr'><strong>orius,</strong></span> <span class='ocrx_word' id='word_1_306' title='bbox 999 3729 1152 3818; x_wconf 77' lang='grc' dir='ltr'><strong><em>ὤρφωσεν</em></strong></span> <span class='ocrx_word' id='word_1_307' title='bbox 1172 3732 1281 3823; x_wconf 73' lang='grc' dir='ltr'><strong>(ὀρφά-</strong></span> 
     </span>
    </p>
   </div>
   <div class='ocr_carea' id='block_1_3' title="bbox 250 3971 893 4046">
    <p class='ocr_par' dir='ltr' id='par_1_4' title="bbox 250 3971 893 4046">
     <span class='ocr_line' id='line_1_36' title="bbox 250 3971 893 4046; baseline 0.009 -19"><span class='ocrx_word' id='word_1_308' title='bbox 250 3971 294 4039; x_wconf 86' lang='grc'><strong>18)</strong></span> <span class='ocrx_word' id='word_1_309' title='bbox 316 3972 492 4030; x_wconf 78' lang='lat' dir='ltr'><strong>Schneivlerus</strong></span> <span class='ocrx_word' id='word_1_310' title='bbox 510 3989 600 4032; x_wconf 88' lang='lat' dir='ltr'><strong>omnes</strong></span> <span class='ocrx_word' id='word_1_311' title='bbox 618 3982 742 4034; x_wconf 79' lang='lat' dir='ltr'><strong>accentus</strong></span> <span class='ocrx_word' id='word_1_312' title='bbox 759 3979 893 4046; x_wconf 77' lang='lat' dir='ltr'><strong>pervertit.</strong></span> 
     </span>
    </p>
   </div>
   <div class='ocr_carea' id='block_1_4' title="bbox 184 4054 1280 4211">
    <p class='ocr_par' dir='ltr' id='par_1_5' title="bbox 184 4054 1280 4211">
     <span class='ocr_line' id='line_1_37' title="bbox 251 4054 1280 4133; baseline 0.014 -24"><span class='ocrx_word' id='word_1_313' title='bbox 251 4054 295 4120; x_wconf 83' lang='lat' dir='ltr'><strong>le)</strong></span> <span class='ocrx_word' id='word_1_314' title='bbox 317 4054 418 4112; x_wconf 81' lang='lat' dir='ltr'><strong>llotlem</strong></span> <span class='ocrx_word' id='word_1_315' title='bbox 435 4056 602 4113; x_wconf 76' lang='lat' dir='ltr'><strong>Buttmannns</strong></span> <span class='ocrx_word' id='word_1_316' title='bbox 621 4062 762 4116; x_wconf 79' lang='lat' dir='ltr'><strong>revolvitur</strong></span> <span class='ocrx_word' id='word_1_317' title='bbox 777 4059 860 4116; x_wconf 86' lang='lat' dir='ltr'><strong>Lexil.</strong></span> <span class='ocrx_word' id='word_1_318' title='bbox 878 4062 899 4116; x_wconf 89' lang='lat' dir='ltr'><strong>l.</strong></span> <span class='ocrx_word' id='word_1_319' title='bbox 922 4064 961 4121; x_wconf 79' lang='lat' dir='ltr'><strong>ti.</strong></span> <span class='ocrx_word' id='word_1_320' title='bbox 987 4068 1124 4133; x_wconf 78' lang='lat' dir='ltr'><strong>postquem</strong></span> <span class='ocrx_word' id='word_1_321' title='bbox 1147 4065 1280 4123; x_wconf 84' lang='lat' dir='ltr'>Grummu·</span> 
     </span>
     <span class='ocr_line' id='line_1_38' title="bbox 184 4138 888 4211; baseline -0.001 -14"><span class='ocrx_word' id='word_1_322' title='bbox 184 4146 251 4201; x_wconf 85' lang='lat' dir='ltr'><strong>tiooe</strong></span> <span class='ocrx_word' id='word_1_323' title='bbox 268 4138 399 4206; x_wconf 74' lang='lat' dir='ltr'><strong>sugillavit</strong></span> <span class='ocrx_word' id='word_1_324' title='bbox 416 4144 538 4207; x_wconf 69' lang='lat' dir='ltr'><strong>unquam</strong></span> <span class='ocrx_word' id='word_1_325' title='bbox 554 4154 635 4197; x_wconf 80' lang='lat' dir='ltr'><strong>venue</strong></span> <span class='ocrx_word' id='word_1_326' title='bbox 651 4144 759 4199; x_wconf 64' lang='lat' dir='ltr'><strong>taionis</strong></span> <span class='ocrx_word' id='word_1_327' title='bbox 776 4145 888 4211; x_wconf 67' lang='lat' dir='ltr'><strong>ignaros,</strong></span> 
     </span>
    </p>
   </div>
   <div class='ocr_carea' id='block_1_5' title="bbox 0 0 1351 4756">
    <p class='ocr_par' dir='ltr' id='par_1_6' title="bbox 0 0 1351 4756">
     <span class='ocr_line' id='line_1_39' title="bbox 0 0 1351 4756; baseline 0 0"><span class='ocrx_word' id='word_1_328' title='bbox 0 0 1351 4756; x_wconf 95' lang='lat' dir='ltr'><strong> </strong></span> 
     </span>
    </p>
   </div>
  </div>
 </body>
</html>
