2648 4756
179 321 250 391 8311
525 315 853 384 ntssttttrnrto
887 316 950 382 Vll.
1014 372 1024 395 .

180 480 271 559 ποιάς
289 483 361 546 llos.
385 479 554 560 eademque
575 481 626 544 nia
648 499 666 544 a
686 477 835 545 παλάσσω
855 477 1013 564 ααλαχὴ,1
1030 476 1174 560 ταράσσον
1194 477 1292 564 κάρα.

178 583 233 670 χὴ,
256 601 274 647 a
295 574 457 656 κανάσσω,
480 578 564 659 quod
584 581 709 662 proprie
730 581 859 645 ebullire
881 583 1076 662 significasse
1095 578 1215 643 ridetur
1237 582 1291 644 uel

180 690 214 749 ut
233 681 299 746 ΕΜ.
320 680 391 760 310,
410 680 438 742 t.
459 672 496 741 τὸ
514 673 614 759 ἐγχέαι
633 675 686 740 καὶ
706 674 804 760 ἐκχέαι
825 675 899 760 μετὰ
919 676 1040 760 ψόφον,
1063 677 1291 741 substantivum

179 775 299 862 καναχή
321 785 353 841 ο1
367 776 521 857 adjectiva
535 772 669 857 καναχάς
685 785 713 840 et
732 774 876 860 καναχῆς.
899 778 947 841 nb
962 778 1011 841 llis
1029 776 1160 856 Μίαχος
1174 772 1291 857 panope

179 881 252 944 llos.
281 878 360 941 banc
382 876 657 939 dissimilitudinem
679 877 771 940 babet
799 877 882 957 quod
904 876 995 956 alpba
1016 893 1036 939 a
1058 876 1159 939 uerbo
1181 875 1290 955 μιαίνω

180 979 379 1059 anticipatum
404 981 461 1038 est.
503 971 566 1036 Sed
588 989 814 1053 paragogorum
836 991 993 1037 numerum
1014 990 1149 1055 prorsus
1173 972 1291 1037 excedit

181 1091 323 1142 ranarum
344 1088 458 1135 nomen
478 1071 562 1152 quod
585 1073 616 1134 in
634 1075 739 1152 graeei
754 1074 907 1136 sermonis
928 1072 1070 1136 dialectis
1092 1087 1195 1135 sonos
1216 1073 1289 1136 mire

179 1177 279 1240 variat
299 1166 458 1253 βρόταχος,
477 1164 636 1251 βόρτνχος,
658 1167 828 1252 βύρθακος,
850 1167 988 1254 βάρακος
1008 1177 1068 1234 etc.
1085 1172 1215 1251 stirpem
1230 1188 1290 1234 ttu-

182 1283 242 1338 tem
263 1272 379 1335 babere
400 1268 520 1332 uidetur
541 1269 572 1331 in
594 1269 690 1332 verbo
712 1270 837 1351 βραχεῐν
857 1264 988 1361 opprimor,
1017 1266 1188 1350 βαράαχεῑν
1204 1262 1292 1351 ἠχεῖν

180 1373 252 1437 llos.
281 1370 332 1433 ubi
356 1372 420 1448 jam
450 1367 522 1431 olim
544 1367 675 1430 Vossius
698 1367 738 1431 ad
758 1363 910 1450 βάτραχος
931 1369 1071 1448 respexit
1092 1384 1159 1432 non
1179 1369 1291 1432 inscito

106 1544 118 1573 .
181 1471 234 1534 ille
255 1471 284 1533 si
304 1466 426 1550 quidem
447 1463 599 1527 dentalem
621 1467 791 1530 asciticiam
813 1483 885 1529 esse
906 1468 1081 1547 statuimus,
1102 1483 1185 1547 quae
1207 1474 1240 1530 et
1260 1468 1290 1529 in

179 1568 301 1650 graecis
330 1563 435 1628 sedem
461 1562 636 1626 instabilem
663 1563 756 1627 babet
787 1571 818 1627 et
846 1581 909 1627 non
930 1573 1061 1645 apparet
1081 1565 1112 1626 in
1135 1564 1289 1644 anglosa-

179 1668 301 1733 xoniois
323 1665 437 1742 lrocca,
459 1662 529 1722 lron
551 1660 691 1744 (Mosen,
713 1663 794 1743 trop)
817 1669 848 1726 et
865 1664 896 1725 in
916 1664 1040 1726 nomine
1060 1663 1193 1726 rubetae
1212 1663 1289 1726 bru-

183 1780 256 1830 scus
285 1766 316 1824 ot
336 1754 475 1839 αράοκα,
504 1774 633 1839 quorum
654 1759 729 1824 illud
751 1768 800 1825 ost
819 1760 979 1824 latinitatis
1000 1761 1092 1825 medii
1112 1762 1199 1843 aeui,
1231 1761 1291 1825 boo

181 1860 368 1925 Graecorum
389 1862 517 1919 nostrae
539 1859 661 1922 aetatis.
702 1858 787 1922 llaec
809 1860 910 1922 omnia
932 1860 1029 1922 tribus
1051 1865 1203 1922 contenta
1218 1866 1291 1923 sunt

180 1957 339 2038 consonis,
360 1972 378 2019 e
399 1955 511 2035 quibus
530 1955 654 2036 βραχεῑν
667 1964 801 2038 constat,
823 1956 936 2039 lubinti,
956 1956 1072 2038 liquida
1085 1964 1116 2020 et
1133 1958 1291 2044 guttureli,

181 2057 350 2136 eademqne
376 2056 481 2134 manci
509 2055 641 2118 nominis
670 2055 821 2118 elementa
841 2057 1022 2136 primigenia
1043 2072 1115 2119 esse
1139 2055 1290 2120 ridentur.

180 2146 260 2232 Quin
281 2152 359 2216 adeo
381 2154 409 2216 si
430 2152 605 2233 βρνχάοθοα
627 2161 658 2216 et
677 2153 790 2234 rugire,
811 2146 930 2234 άράχνη
948 2160 979 2216 et
997 2170 1121 2236 manea,
1142 2149 1244 2237 λάχνη
1261 2162 1290 2218 et

179 2255 273 2339 λῆνος
294 2251 365 2314 lana
386 2249 629 2333 consideramus,
650 2267 713 2313 non
733 2251 823 2314 nimis
845 2251 1026 2332 prodigiosa
1039 2254 1214 2331 reperietur
1232 2271 1291 2317 eo-

178 2369 245 2416 rum
269 2350 372 2429 opinio
396 2349 448 2428 qui
474 2365 514 2413 en
535 2350 633 2413 tribus
654 2348 715 2412 illis
735 2343 813 2428 βράχ
834 2366 925 2412 unam
954 2350 985 2413 in
1005 2348 1101 2413 latino
1123 2370 1213 2416 rouo
1232 2370 1290 2416 su·

181 2465 311 2532 porosse
332 2446 468 2511 credunt.
495 2448 543 2511 En
564 2445 773 2526 compluribus
795 2463 874 2528 quae
888 2448 1063 2527 Hesychius
1080 2450 1179 2513 refert
1198 2466 1289 2514 uuum

182 2562 337 2611 assumam
349 2540 482 2623 Ἕραχος
503 2540 539 2606 τὸ
560 2541 683 2624 δράγμα
705 2546 838 2607 Βοιωτοί
859 2546 941 2624 qnod
970 2545 1008 2608 ab
1030 2541 1108 2626 ἔργα
1129 2550 1287 2622 contineo,

182 2644 361 2721 constringo
385 2640 553 2704 derivatum
576 2660 648 2705 esso
665 2660 704 2705 ex
717 2642 775 2704 alie
790 2637 1064 2724 ρΙοεεαἘραχάται
1078 2643 1109 2706 οἱ
1125 2644 1288 2726 δεσμεύον-

180 2763 228 2816 τες
249 2741 352 2820 colligi
375 2746 496 2820 potest3
517 2735 654 2820 αύοαχος
675 2758 769 2820 supra
790 2744 950 2821 proposui.
992 2743 1192 2823 Propriorum
1216 2762 1288 2825 pars

181 2841 311 2905 maxima
332 2841 376 2901 ita
398 2847 578 2918 comparata
600 2845 695 2901 estut
713 2846 814 2917 etima
836 2838 1040 2903 demonstrari
1062 2856 1125 2903 non
1148 2843 1288 2922 possint;

181 2958 244 3006 nou
265 2936 356 3003 modo
379 2937 609 3019 peregrinorum
631 2943 664 2998 ut
686 2937 812 2999 Soracbi
834 2940 967 3017 populns
987 2939 1084 3001 Asiae
1105 2939 1177 3004 llel.
1196 2940 1218 3004 l.
1240 2940 1287 3005 19.

182 3034 344 3114 Σάτραχος
371 3038 438 3098 sive
466 3030 622 3115 Σάτραχος
649 3034 742 3113 Cypri
764 3034 873 3097 lluvius
895 3053 921 3098 v.
941 3035 1039 3114 Engel
1060 3035 1189 3116 Kypros
1212 3039 1245 3102 Τ.
1266 3039 1286 3103 l

183 3133 251 3198 158.
272 3127 439 3210 Δύῤῥαχος
455 3132 639 3210 Dyrrhachii
658 3132 800 3195 conditor
815 3133 948 3213 Appian.
968 3134 1030 3196 Ciu.
1046 3134 1082 3198 ll.
1097 3132 1147 3197 39.
1165 3138 1285 3216 (omiss.

181 3229 213 3292 in
236 3227 303 3309 Tb.)
325 3224 464 3312 Μαράχη
484 3224 572 3303 πόλις
589 3224 703 3310 'leotari
724 3229 830 3312 Stepb.
847 3238 905 3298 etc.
927 3230 983 3293 sed
999 3232 1090 3294 otiam
1104 3248 1286 3311 graecorum

172 3323 304 3408 Ἴναχος,
325 3320 495 3408 Ἀῤῥαχίνν
514 3328 605 3392 Pons.
627 3328 702 3391 lllll.
722 3327 816 3409 40,1.
840 3327 922 3407 quod
937 3329 986 3392 bio
998 3330 1030 3392 in
1045 3328 1133 3393 codd
1147 3321 1284 3412 Ἀρχίαν,

173 3423 310 3509 Ἀρχων,
329 3421 513 3508 Ἁῤῥνχίων,
536 3425 617 3506 apud
638 3426 857 3490 Philostratum
879 3434 910 3490 et
930 3427 1098 3491 Eusebium
1123 3420 1286 3511 ’Λῤῥιχ1ον

248 3723 275 3790 l)
301 3722 346 3775 Sic
370 3721 430 3774 Nic.
448 3716 495 3775 Th.
516 3721 575 3777 {48-
593 3720 632 3788 τῷ
656 3718 685 3770 di
710 3718 842 3786 (draconi)
867 3723 969 3772 κοτέων
991 3719 1082 3780 αἰετὸς
1107 3720 1137 3774 ἰκ
1161 3723 1285 3792 noiolio

180 3805 320 3866 ἰννέξειαι
338 3803 366 3858 id
384 3810 425 3859 est
443 3803 504 3858 huic
521 3804 644 3857 increscit
661 3803 749 3869 aquila
771 3802 853 3857 bostis
878 3803 963 3857 totalis
986 3808 1044 3858 siue
1069 3807 1190 3873 nativus,
1216 3805 1248 3859 ὃν
1269 3801 1282 3869 ἡ

177 3894 264 3957 μοῖρα
282 3885 506 3957 προσεκλήρωοεν
525 3886 609 3952 αὐτῷ.
640 3884 744 3938 Poterat
760 3884 886 3953 ἀρχῆθεν
902 3901 1001 3953 ponere
1014 3887 1057 3942 t'el
1069 3888 1208 3955 γενεῆθεν
1220 3896 1248 3942 ut
1259 3895 1284 3944 ei

178 3969 324 4036 Hesychius
342 3966 453 4036 παάαχῆ
470 3969 652 4036 interpretatur
668 3964 749 4034 άρχά,
770 3964 861 4035 γενεά,
880 3968 928 4023 sed
946 3971 1051 4036 propria
1068 3970 1228 4035 significatio
1245 3975 1283 4027 est

177 4051 257 4112 λῆξις,
278 4050 338 4105 dein
356 4056 443 4118 μοῖρα
461 4055 489 4103 ut
506 4051 578 4103 latini
599 4064 665 4103 sors.
692 4047 805 4103 Zeunins
817 4063 863 4116 pro
878 4046 1019 4110 ἐπαέξεται
1032 4056 1104 4120 optat
1117 4051 1281 4119 ἐπαΐσσεινι,

178 4131 354 4187 Scbneidents
371 4130 557 4199 opacatum,
575 4132 707 4188 deteriora
723 4133 838 4200 vulgato.
