2648 4756
187 326 258 394 tm
542 319 878 388 ulssmtrhrlo
907 320 942 387 V.

188 487 357 571 Μάκαρος,
385 490 476 566 cutus
502 484 633 551 mediam
664 485 808 566 producit
828 486 986 552 Hesiodus
1006 488 1053 552 ir.
1073 488 1143 553 hri.
1163 489 1289 555 dubium

189 597 238 656 ost
259 603 328 650 cum
349 586 506 651 homerico
528 579 698 667 μολοβρός,
720 584 804 665 quod
831 587 996 650 molestum
1024 587 1191 667 significare
1210 598 1289 670 pot-

187 695 246 768 est,
268 693 299 749 et
320 684 542 765 androupmico
563 679 734 765 Μόλοβρος
755 683 890 764 rhucyh
911 685 958 748 lv.
979 685 1010 751 8.
1032 702 1106 750 num
1118 687 1187 767 quiol
1200 706 1288 752 com-

187 786 293 850 mercii
306 784 449 849 hebeant.
480 783 639 863 Κλατορίς
658 781 732 862 quill
753 784 794 846 sit
806 791 913 847 notum
927 791 985 866 est,
998 784 1081 848 nude
1094 786 1146 866 sit,
1158 788 1286 850 minime.

188 921 229 931 —
248 883 436 966 Diphthongi
464 869 547 944 οἶαι
568 896 727 961 paragoge
750 898 840 945 usum
860 883 976 947 nullum
997 900 1070 946 esse
1092 884 1188 946 tacite
1210 890 1289 948 alte-

187 990 309 1049 stantur
322 983 387 1045 ΕΜ.
403 980 474 1061 titii),
485 980 536 1044 53.
550 980 701 1043 aeolicum
712 974 837 1061 ὅνοιρος
850 997 1095 1044 commemorans
1109 988 1142 1044 et
1154 982 1287 1064 Theogn.

188 1083 256 1164 101,
276 1082 326 1146 32.
353 1073 391 1142 τὰ
411 1073 464 1143 διὰ
489 1065 635 1158 rorico}
650 1070 728 1160 ὑπὲρ
755 1074 815 1142 δύο
839 1074 993 1161 συλλαβὰς
1011 1072 1064 1142 διὰ
1089 1081 1149 1143 τοῦ
1168 1086 1194 1144 ai
1212 1078 1288 1162 γρά-

186 1200 278 1263 φεται
297 1185 355 1243 elo.
370 1214 410 1224 -
423 1178 543 1244 Nomen
555 1172 676 1258 ἄρουρα
689 1178 883 1242 lleroulianus
896 1198 928 1243 π.
941 1181 1027 1243 Moe.
1040 1197 1069 1261 p.
1087 1178 1135 1243 13.
1150 1179 1288 1261 designat

188 1286 332 1360 tanquam
353 1279 475 1341 unicum
495 1276 586 1356 hujus
606 1276 739 1356 ligures,
771 1294 842 1340 nam
864 1284 968 1341 cetera
991 1283 1043 1339 aut
1069 1279 1196 1360 propria
1216 1297 1288 1344 esse

187 1384 241 1441 aut
270 1392 333 1438 non
354 1375 523 1455 simplicia3
552 1390 681 1455 quorum
707 1375 759 1438 illa
788 1376 889 1439 solum
917 1373 955 1437 ad
976 1392 1036 1439 nos
1057 1378 1191 1442 attinent
1210 1396 1288 1460 quae

187 1474 357 1540 derivativa
376 1472 519 1536 uidentur
538 1467 749 1553 ιιιἎργοορα,
770 1490 849 1553 quoe
871 1471 977 1536 eadem
989 1469 1139 1554 ’Ἀργιοοα
1156 1475 1240 1539 dicta
1261 1495 1287 1539 r.

186 1572 338 1655 Aglaoph
362 1572 449 1638 1132.
471 1571 511 1635 ab
532 1565 627 1651 ἀργός
648 1569 801 1651 adjectivo
825 1570 874 1634 vol
895 1588 914 1634 a
934 1579 1055 1654 neutro,
1080 1571 1164 1653 quod
1187 1575 1287 1654 plani-

186 1675 258 1737 tiem
279 1672 447 1753 siguificat3
465 1665 588 1750 κύοορα
606 1668 720 1732 herbae
741 1669 911 1751 abortirae,
930 1677 963 1732 ut
983 1670 1084 1752 abiga,
1104 1687 1220 1735 nomeu
1237 1679 1287 1735 aut

185 1770 338 1851 ignoravit
359 1767 411 1831 ille
431 1773 484 1830 eut
506 1784 569 1830 non
589 1767 720 1849 simplex
741 1784 814 1830 esse
835 1767 1012 1831 αῐοκ111111.42
1048 1769 1211 1833 Secundae
1232 1771 1288 1835 de·

186 1867 362 1931 clinationis
383 1865 507 1927 nomina
528 1867 689 1929 maximam
716 1872 835 1946 partem
863 1866 901 1929 ab
929 1859 1012 1948 οὐρά
1036 1867 1086 1931 uel
1114 1855 1210 1947 οὖρος
1239 1870 1287 1932 vel

185 1962 362 2029 alicunde⁴³
383 1964 558 2042 composite
577 1971 630 2026 out
651 1965 748 2042 ignoti
768 1965 892 2044 generis
912 1971 999 2028 sunt:
1026 1965 1204 2046 zottoopog,
1225 1963 1288 2029 κά-

184 2084 314 2148 κουοος,
335 2057 546 2142 ovilione,
576 2061 736 2143 αἴλουρος,
764 2057 945 2144 κέρκουρος,
969 2058 1142 2162 uiliorem
1162 2067 1286 2146 (piscis)

189 2163 385 2241 Παλίνουρος
410 2162 468 2223 viri
494 2177 616 2242 nomeu,
635 2157 788 2239 “coepes
803 2160 921 2242 gentis,
948 2160 1137 2244 Α1γ1μουρος
1163 2165 1284 2228 insulae

185 2261 288 2328 Strab.
302 2260 391 2323 xvh.
406 2258 477 2324 834.
499 2257 582 2339 quod
604 2276 652 2338 ap.
673 2258 777 2338 Steph.
793 2258 958 2339 Αἰγίμορος
977 2262 1132 2341 scribitur,
1155 2258 1282 2331 Λάθου·

184 2382 239 2443 ρος
260 2361 349 2423 unius
368 2358 614 2421 Ptolemaeorum
634 2357 802 2437 epitheton,
823 2356 906 2437 quod
921 2357 1092 2421 Salmasius
1107 2358 1206 2423 Solin.
1215 2360 1284 2424 811.

185 2458 319 2523 salacem
340 2457 560 2535 iuterpretatur
580 2456 670 2534 quasi
696 2455 872 2532 syntheton.
905 2456 1084 2534 l‘aragogao
1106 2459 1285 2539 exemplum,

184 2555 266 2636 quod
288 2570 344 2631 pro
360 2561 445 2614 certo
461 2553 560 2615 allerri
574 2553 685 2633 possit,
706 2553 820 2615 nullum
838 2561 961 2633 praeter
980 2557 1182 2637 κλαγγοῦρος,
1204 2555 1284 2636 quod

184 2648 645 2729 Arcadiusproperispomcnou
667 2665 740 2713 esse
762 2651 834 2713 dicit
855 2652 993 2729 proxime
1014 2659 1107 2731 atque
1128 2653 1188 2720 alio
1209 2669 1285 2733 quae

183 2753 255 2812 ante
278 2745 496 2826 diphthongum
519 2733 558 2810 o'v
579 2764 736 2810 consonas
755 2749 870 2812 hahent
890 2747 1045 2812 secundae
1064 2749 1284 2829 berytouorum

183 2845 295 2909 classis
318 2845 460 2924 proprias
482 2852 513 2908 et
536 2840 1282 2929 ο1ιαῐαοῐοοὶεῑὶοοεάρκτοῦρος,ἀγχοῠρος,κ1αγ·

182 2946 297 3026 γοῦρος
318 2937 336 3005 ὁ
356 2938 534 3020 κρακτικός,
568 2960 658 3022 quam
687 2950 796 3005 contra
824 2944 957 3022 regulam
986 2942 1284 3027 saepiusaippovpog

182 3043 327 3105 scribitur
336 3048 365 3103 el
378 3037 557 3122 τράχουρος,
570 3037 744 3124 κέρκουρος,
759 3037 911 3123 ἅγγουρος
923 3042 1083 3122 placentae
1093 3059 1192 3122 gellus
1208 3045 1282 3106 alias

182 3138 297 3218 γοῦρος
312 3134 433 3200 dictum.
453 3171 489 3182 -
513 3139 606 3201 Plura
625 3137 745 3201 licendi
757 3141 974 3203 necessitatem
992 3141 1121 3205 afferunt
1132 3141 1281 3205 uocabula

182 3229 215 3296 in
233 3254 323 3314 op—,
337 3248 467 3312 quorum
480 3236 582 3316 aliqua
600 3253 618 3297 a
632 3234 762 3300 diversis
778 3239 926 3301 orationis
938 3238 1078 3318 portibus
1092 3246 1203 3322 treola,
1224 3239 1281 3301 ali-

183 3348 244 3413 qua
265 3329 304 3395 ab
325 3330 434 3395 iisdem
455 3340 535 3396 sunt.
569 3332 653 3396 llllus
675 3335 798 3413 generis
822 3335 961 3419 enemplu
981 3335 1196 3401 subministrat
1214 3338 1278 3400 ΕΜ.

181 3429 251 3495 233.
271 3424 394 3510 ptimo
417 3425 556 3513 (γλάφω)
577 3428 740 3512 γλαφυρός
760 3425 803 3506 ὥς
821 3428 902 3495 λεἀω
922 3429 1061 3518 λεπυρός,
1081 3435 1280 3515 similiterque

245 3708 291 3775 12]
308 3707 483 3776 Perlnpchila
499 3711 559 3760 sunl
575 3707 707 3775 Λειξοῦρα
724 3705 754 3759 τὸ
774 3708 864 3778 δῶρον
880 3708 911 3761 ἐκ
930 3709 978 3762 τοῦ
994 3709 1075 3779 tellio
1092 3711 1155 3767 Hes.
1181 3713 1276 3771 λείξοο·

178 3807 225 3857 ρος
243 3787 257 3843 ὃ
273 3790 440 3854 πλεονέκτης,
464 3791 599 3857 λειξουρία
619 3787 632 3854 ἦ
659 3791 810 3859 λαιμαργία
828 3793 856 3843 in
873 3790 936 3847 Lex.
954 3793 1054 3849 libert.
1079 3794 1162 3855 1811110
1187 3798 1276 3851 termi-

177 3878 237 3925 nata
260 3871 403 3941 κλεισοῦρα
428 3879 456 3929 et
479 3871 613 3940 σκοιοῦρα
635 3874 693 3929 sito
712 3873 889 3942 οκοτεινοῦρα
912 3890 955 3943 up.
973 3877 1013 3930 hu
1031 3875 1113 3945 Gurg.
1140 3879 1277 3946 perophina

91 3994 98 4002 .
176 3953 305 4022 κὰᾳοορα
324 3961 350 4010 el
366 3955 517 4024 πανδοῢρα.

242 4050 288 4117 lt)
316 4051 357 4107 lte
380 4054 569 4119 compositione
593 4056 620 4108 et
644 4052 805 4109 leuceoron
834 4055 949 4111 dicturus
974 4072 1030 4112 sum
1050 4059 1157 4127 proprio
1174 4060 1234 4115 loeo
1251 4072 1275 4111 un

177 4133 279 4188 dissert
298 4132 332 4188 de
350 4132 525 4187 anabibasmo.
