2648 4756
100 345 148 411 DE
169 345 266 412 Noni.
283 346 449 423 Quonim
463 346 575 413 CHAR.
588 344 664 412 EST
678 346 885 412 DENTALIS.
908 346 1001 414 c.1v.
1017 352 1046 423 s.
1061 346 1089 412 6.
1111 348 1180 415 879

71 506 135 588 τός,
148 506 282 593 Ὕηττος
303 512 394 576 Paus.
413 510 460 576 Ui
481 510 531 593 36,
551 509 579 575 i.
602 510 654 575 ubi
681 511 783 575 nullus
812 511 911 576 eaden
941 516 1101 591 onytonon
1128 513 1180 576 oi-

72 611 144 691 fori,
173 605 376 692 Λυκαβρττός
399 606 450 672 διὰ
477 604 512 673 τό
545 606 651 683 λύκοις
681 605 835 692 πληθύειν
864 610 937 675 Hes,
965 607 1177 693 Συπαληπός.

69 708 151 771 Post
174 709 296 788 epsiton
318 709 392 772 naec
418 709 508 772 litera
535 725 598 771 non
625 710 798 789 geminatur
828 716 1042 789 praeterquam
1063 711 1095 771 in
1115 726 1178 774 no-

68 809 155 871 mino
178 808 275 870 amnis
297 808 388 870 Samii
410 806 528 870 loettes
550 807 625 870 Ptin.
649 809 683 871 V.
702 808 751 871 37.
771 813 802 870 ot
822 807 908 868 urbis
929 806 1044 884 Lydiae
1056 804 1177 872 Σάεπα
1249 804 1252 808 ’

68 906 122 969 vei
145 899 264 987 Σαέπη
283 924 311 967 ν.
334 906 458 969 Eokhel.
481 906 585 969 Doctr.
607 906 655 969 111.
680 906 747 970 110.
769 905 853 985 qu‘oul
878 905 908 966 in
938 905 1093 969 Theocriti
1113 911 1176 989 Sy-

66 1005 159 1083 ringe
179 1004 269 1067 Antii.
289 1002 351 1066 XV.
373 1003 423 1068 21.
445 1003 603 1085 epitheton
624 1010 673 1067 est
695 1003 863 1083 Omphalae
885 1019 941 1083 pro
964 1001 1134 1088 Σαειτηνή.

155 1109 185 1177 §.
206 1102 234 1167 6.
282 1095 329 1162 Τὰ
355 1100 397 1174 εἰς
425 1089 500 1175 arog
522 1095 605 1163 ἁπλᾶ
640 1096 900 1182 προπαροξόιονα
932 1096 1089 1165 ἐπιθετικόι
1122 1100 1176 1167 καὶ

69 1196 165 1280 κύρια
186 1195 300 1263 σπάνια
313 1195 462 1280 ’Ἀγχιτος
481 1192 671 1282 Ἀφρόδιτος,
693 1194 854 1282 ἀδήριτος,
886 1199 1029 1283 Οἴκριτος
1054 1195 1174 1283 κόριον.

74 1293 119 1362 Τὸ
142 1292 300 1381 ἁμαξιτός,
321 1294 471 1378 λνχνιτός,
493 1292 657 1381 ἀτραπιτός
677 1292 821 1375 όξόιονα,
843 1293 922 1361 κατὰ
941 1294 1031 1380 γένος
1051 1296 1102 1363 καὶ
1121 1322 1176 1364 κα·

67 1392 108 1459 τὰ
129 1393 224 1460 τόνον
244 1390 285 1459 οὐ
305 1394 384 1459 κατὰ
404 1391 462 1478 τὴν
481 1392 607 1478 γραφὴν
627 1391 830 1459 ἀνακόλουθα
860 1398 994 1477 Theogn.
1027 1398 1074 1462 75.
1103 1400 1175 1480 qui·-
1226 1476 1229 1481 Ι

65 1495 130 1559 hus
152 1495 342 1575 corrigendis
365 1512 470 1576 parum
486 1495 630 1575 praesidii
646 1496 774 1577 praebet
789 1495 940 1558 Arcadius
954 1512 983 1576 p.
996 1494 1046 1561 82.
1060 1498 1175 1579 quippo

66 1596 187 1676 paritor
208 1600 373 1673 corruptus
396 1590 436 1654 τὰ
463 1593 505 1666 εἰς
524 1580 592 1667 ιτ-ος
608 1586 753 1673 ἀρσενικὰ
765 1588 808 1675 μὴ
822 1589 898 1655 ὄντα
911 1589 1068 1657 ἐπνθειικόι
1080 1592 1176 1678 βαρύ-

65 1714 163 1770 νεται,
185 1688 337 1774 βάρβιτος,
360 1688 493 1771 όόριιος,
516 1689 629 1775 (inpuros,
651 1688 782 1772 ἄρκιιος.
831 1687 877 1755 Τὰ
898 1688 931 1755 δὲ
951 1686 1077 1775 θηλυκὰ
1097 1684 1175 1769 ieo-

65 1812 163 1868 νεται,
185 1785 338 1872 ἁμαξιτός,
360 1786 513 1871 Λνχνιιός
533 1783 553 1872 ἡ
574 1787 682 1868 πόλις,
713 1786 844 1873 όρριτός.
894 1791 1007 1854 Notum
1037 1799 1087 1855 ost
1116 1792 1175 1856 viri

65 1906 183 1954 nomen
196 1885 335 1971 Ἆγχιτος
350 1889 441 1952 Antia.
463 1896 555 1952 notus
578 1890 669 1953 etiam
688 1884 866 1970 ’Λφρόδιιος
886 1888 963 1952 deus
985 1907 1012 1952 u.
1036 1890 1173 1955 Dindori.

66 1989 109 2053 ad
130 1989 290 2069 Aristoptr.
312 1989 428 2067 Fragm.
450 1985 600 2050 CCLXXI.
625 1986 692 2049 130.
715 1994 745 2049 et
767 1988 840 2050 urbs
861 1982 1013 2067 Λοχνιδός
1028 1983 1173 2071 -Ἡροι-

65 2082 177 2160 διανὸς
198 2083 231 2149 δὲ
252 2082 407 2168 Λοχνιτόν
429 2101 507 2168 φησι
530 2084 636 2163 Steph.
658 2103 684 2148 v.
706 2085 891 2164 wesseling.
919 2083 958 2147 ud
978 2086 1081 2151 ltinor.
1103 2088 1173 2154 655.
1232 2120 1238 2131 ·

67 2185 319 2264 Seinweighaues.
342 2184 380 2248 ad
401 2185 507 2263 Pon-n.
529 2182 632 2245 xviii.
653 2182 703 2263 30,
720 2182 765 2246 12.
784 2176 941 2263 Ἀδήριτος
958 2182 1173 2263 proculdubio

67 2284 151 2346 idem
175 2290 223 2346 est
245 2284 328 2362 quod
350 2302 398 2364 ap.
420 2281 532 2346 Auenti.
554 2276 686 2360 ὁλριτος,
708 2281 740 2342 in
760 2279 829 2343 ood.
852 2282 941 2344 Hatn.
956 2275 1080 2362 ὁὴριιος
1093 2285 1176 2346 sori-

67 2381 169 2460 bitur;
190 2397 296 2443 rerum
318 2384 407 2444 inerit
428 2375 564 2461 Νήριτος
578 2379 709 2441 Pterelai
731 2379 810 2441 iulius
832 2378 918 2443 Hom.
946 2379 1006 2442 Pro
1032 2379 1175 2458 Οἴκριτος

67 2481 101 2542 in
130 2495 279 2560 praesens
308 2478 382 2539 nihil
411 2482 548 2559 suppetit
578 2483 700 2557 praeter
733 2472 895 2556 Φώκριτος
922 2478 1007 2541 Dem.
1036 2495 1061 2542 o.
1081 2480 1173 2559 Aput.

66 2578 140 2642 897.
164 2582 251 2657 eujus
281 2578 464 2655 compositio
495 2577 604 2639 oculos
629 2577 714 2638 taint.
761 2569 919 2656 Ἀμαξιιός
946 2576 1031 2639 urbis
1061 2593 1173 2642 nornen

68 2676 178 2739 eodem
201 2692 261 2755 quo
286 2691 445 2737 commune
468 2682 592 2738 notatur
616 2683 746 2737 aooeutu
768 2683 891 2754 praeter
913 2674 1001 2737 Diod.
1024 2675 1100 2739 XIV.
1123 2677 1172 2742 38.

66 2773 203 2838 Arcadio
227 2789 282 2853 pro
306 2768 409 2853 ὁήιτος
430 2772 613 2836 reddendum
642 2781 691 2834 est
717 2768 831 2852 Λήιτος
859 2773 1062 2853 homericum,
1090 2775 1174 2854 quod

67 2873 252 2937 Eustathius
274 2871 343 2950 2ot,
362 2871 410 2934 25.
433 2888 451 2932 a
474 2872 568 2933 uerbo
590 2872 745 2951 ληίζεσθαι
767 2871 888 2949 repetit,
912 2876 944 2931 ut
967 2869 1016 2931 alii
1048 2867 1174 2951 νήριτος

69 2979 102 3035 et
122 2966 281 3052 μιγὴριτος
302 2969 340 3029 ab
363 2965 456 3049 ἐρίζοι,
481 2967 537 3029 sed
560 2976 698 3046 praestat
719 2984 911 3048 paronpnmn
933 2966 1034 3028 dicere
1057 2974 1089 3027 nt
1110 2970 1174 3049 tpi-

69 3093 117 3143 τις
139 3087 156 3132 a
176 3071 258 3149 ληίς,
282 3071 369 3144 oujus
391 3066 530 3128 uocantem
553 3073 657 3127 seruat
679 3072 712 3126 ut
741 3059 820 3143 ἀμφί
840 3059 989 3143 ’Ἀμφιιος
1011 3063 1174 3133 Castorum

70 3171 179 3247 auriga
201 3176 231 3230 ot
253 3168 361 3229 fluvius
383 3167 473 3228 Parus
496 3164 543 3227 iv.
567 3164 616 3245 33,
638 3164 666 3226 3.
689 3159 756 3243 όγχι
771 3158 926 3243 Ἄγριος,
949 3152 1027 3247 Ἶφις
1046 3160 1173 3248 Ἴραιος,

69 3267 148 3350 ἄλφι
173 3265 318 3347 ἄλφιτον,
345 3261 411 3345 μέλι
431 3264 532 3343 μελίνη
560 3264 627 3340 apis
656 3268 686 3324 et
714 3264 871 3342 proprium
898 3263 1033 3325 mulieris
1061 3281 1172 3331 nomen

69 3369 186 3434 nnttnt·
211 3361 368 3442 Ἐπαρίιαι
397 3356 579 3440 (Ἐπόριτοι)
602 3356 696 3432 ἔθνος
714 3355 889 3437 Ἀρκαὸιάς·
910 3356 930 3440 ἡ
951 3358 984 3423 δὲ
1002 3357 1091 3435 πόλις
1111 3359 1173 3428 αό-

70 3462 277 3541 τώνἜπαρις
300 3462 373 3525 eost·
409 3454 466 3540 οὐχ
487 3454 612 3538 εὕρηται
632 3454 665 3520 δὲ
687 3459 790 3537 Steph.
834 3457 896 3520 Seu
917 3458 984 3520 sine
1006 3475 1174 3538 praegres-

71 3569 162 3630 sione
189 3563 307 3625 uooalis
338 3562 376 3622 ab
407 3557 530 3636 ἄπειρος
556 3550 723 3636 ἀπείριτος,
762 3557 979 3636 propriumque
1012 3553 1175 3634 Μούνιιος

69 3664 214 3729 Parthen.
238 3678 263 3724 o.
287 3659 333 3724 lii.
362 3657 514 3737 Lycophr.
541 3656 610 3720 497.
641 3651 775 3736 aprinos
801 3660 834 3715 ut
861 3650 1041 3716 Eustathius
1070 3664 1176 3720 oenset

71 3820 365 3838 .---—-—-—-

142 3912 170 3977 6)
189 3910 217 3964 in
237 3908 337 3975 Errnap.
355 3908 384 3959 V.
403 3905 506 3958 Maxim.
526 3920 551 3972 p.
572 3905 613 3960 56.
634 3903 676 3957 eti.
695 3902 779 3954 Boiss.
799 3901 865 3954 maie
885 3901 992 3954 aeuitur.
1018 3900 1176 3968 appellativi

75 3996 224 4062 exemptum
244 3996 348 4045 unicum
367 3995 406 4043 ost
423 3987 532 4055 Emped-
551 3987 608 4041 311.
629 3984 713 4050 (374.)
732 3984 840 4042 ,ἒννθιῦν
863 4000 889 4033 τε
918 3982 1041 4040 σπονδὰς
1060 3986 1178 4051 μελιτιῦν

74 4078 233 4149 pannonum
249 4074 276 4133 ἐς
292 4067 389 4131 οὖλος,
414 4075 558 4138 mirumque
582 4084 627 4121 our
648 4068 761 4120 notuerit
784 4068 903 4118 usitatius
928 4066 1043 4123 scribere
1066 4069 1179 4138 ῥιίιιοον

76 4154 196 4215 uitiante
215 4157 358 4226 μελισσῶν.
394 4155 468 4218 Quae
487 4154 637 4207 Karstenius
655 4148 738 4215 alieri,
757 4164 845 4218 parum
864 4152 984 4217 apposita
1000 4158 1068 4207 sunt.
