2648 4756
184 324 234 387 ott
257 324 352 390 ttott.
375 322 540 401 QUORUM
553 322 665 387 cuna.
687 322 764 386 EST
781 324 987 391 nuNrntts.
1010 329 1042 392 C.
1057 330 1093 393 ll.
1123 330 1192 398 359

99 505 217 551 :ausam
246 494 386 551 nostram
413 505 475 551 non
502 489 599 568 magis
629 489 782 567 attingunt
815 505 905 568 quam
941 490 1080 555 Errtodoc
1108 511 1196 558 mons

99 586 165 649 ‘lin
187 587 222 648 V.
244 587 294 649 27.
318 604 336 649 a
358 586 481 650 Graecis
496 586 677 649 neutraliter
688 586 863 666 appellatus
877 581 1021 669 Ἠμωδὸν
1035 592 1084 653 vel
1095 587 1195 671 Ἠμω-

99 678 128 744 tt
152 679 218 765 ὅρη.
261 683 429 747 Hermodus
457 682 617 748 architecti
644 700 757 747 nomen
787 686 902 750 Vitruv.
933 688 980 750 lll.
1004 689 1042 771 2,
1062 689 1090 752 5.
1113 706 1194 754 nuno

102 782 300 845 lermodorns
319 784 466 862 scriptum
489 789 554 861 est;
577 783 730 861 genitivus
753 784 975 864 Kupavdodod
994 787 1126 867 Hippon.
1145 790 1191 852 Fr.

99 882 138 944 eu.
162 898 191 960 p.
213 880 260 944 58.
282 880 401 959 (omiss.
423 882 455 943 in
477 880 581 961 Thes.)
603 896 665 961 quo
688 880 776 943 loovvs
799 884 998 965 significatur,
1020 864 1193 967 uninege-

99 982 172 1042 teris
202 980 241 1041 sit
269 979 300 1040 in
326 980 446 1041 incerto
476 978 532 1042 sed
559 978 715 1042 secundae
737 979 934 1044 declinationi
958 983 1192 1049 adscribendum

99 1095 158 1139 vsse
181 1075 316 1139 ostendit
338 1083 501 1157 accentus,
530 1093 620 1156 quem
649 1077 816 1156 protoclita
838 1080 868 1141 in
890 1081 1058 1158 penultima
1079 1081 1192 1146 nabent

99 1169 264 1254 οαοοώοης
297 1174 393 1236 versa
424 1174 512 1238 ntor.
542 1176 577 1238 u.
605 1175 655 1238 33.
683 1167 823 1257 ὀροοης
856 1176 987 1241 vartuus
1016 1179 1074 1242 mo
1104 1166 1191 1245 cass.

99 1273 217 1336 llleX.
240 1272 289 1338 56.
311 1279 342 1335 et
364 1272 517 1351 trojanus
539 1273 620 1352 Virg.
644 1275 720 1336 ilem
742 1273 777 1336 X.
800 1272 869 1337 732.
892 1280 922 1337 et
936 1293 955 1337 a
970 1293 1084 1355 graeca
1095 1279 1191 1360 stirpe

99 1368 237 1453 11ρώὸης,
267 1372 315 1432 cui
350 1371 488 1433 nonnulli
521 1371 587 1432 iota
622 1372 875 1452 subscripserunt
909 1380 943 1436 ut
977 1376 1191 1455 patronymico

99 1467 240 1557 Μινωίδας
268 1470 334 1532 llll.
360 1469 428 1551 165,
450 1468 500 1532 ta.
530 1467 592 1532 Sed
618 1469 780 1532 Nebrodes
807 1473 921 1533 montis
950 1473 1045 1536 Siculi
1077 1490 1190 1539 nomon

99 1571 140 1632 til.
164 1570 228 1632 ltal.
250 1568 325 1632 Xlll.
347 1567 416 1630 236.
438 1560 477 1628 τὰ
498 1560 651 1648 Νεβρόδη
677 1563 736 1647 ὅρη
763 1569 862 1632 Strab.
884 1569 932 1632 Vl.
954 1570 1024 1633 att.
1057 1571 1190 1650 adjecti-

105 1686 155 1730 um
185 1676 232 1731 est
264 1668 372 1729 tertiae
402 1664 618 1728 declinationis
649 1672 681 1728 ut
713 1661 927 1748 Πλαταμώὸης
948 1662 1057 1749 (ἄκρα)
1087 1669 1189 1733 Strui).

99 1767 161 1830 llll.
184 1765 254 1829 318.
283 1762 365 1844 quod
392 1763 505 1842 injusto
535 1765 695 1827 aCoraeo
728 1765 890 1829 sollicitari
913 1765 1094 1829 documento
1117 1774 1191 1829 sunt

103 1865 197 1926 initia
214 1857 385 1943 Ὀστεώδης
405 1861 507 1923 insula
527 1861 614 1926 Diod.
636 1863 670 1927 V.
693 1864 740 1926 11.
770 1858 963 1946 Κορακώδης
982 1860 1075 1945 λιμήν
1095 1863 1189 1944 (Sut-

99 1962 200 2044 ‚iniae)
223 1962 347 2025 Ptolom.
371 1954 565 2040 Κομαρωόης
585 1963 844 2043 promontorium,
873 1957 1072 2044 Κυπαρώδης
1090 1964 1188 2027 sinus.

99 2064 128 2123 te
152 2059 313 2139 adjectivis
336 2060 425 2138 lrvtjns
453 2059 576 2138 generis
605 2058 718 2120 dietum
747 2065 796 2122 est
823 2060 884 2122 alio
913 2060 984 2122 looo
1012 2060 1052 2123 ad
1078 2060 1188 2126 Buttm.

99 2159 152 2221 50.
195 2157 296 2219 Verbo
320 2164 409 2219 tenus
432 2157 548 2236 attingo
571 2150 767 2234 Χαλκώδων,
795 2152 969 2237 Θερμώδων
999 2162 1029 2220 et
1061 2158 1187 2222 verbum

101 2254 249 2338 ρῤωδεῖν,
281 2255 319 2321 de
348 2272 408 2337 quio
429 2254 503 2317 nihil
532 2252 631 2317 adnuo
653 2254 806 2333 prolatum
827 2260 877 2320 est
899 2272 1034 2319 assensu
1055 2255 1187 2336 dignum.

545 2467 652 2530 (tal).
690 2466 729 2528 ll.

468 2592 502 2655 D
537 2612 556 2654 c
619 2611 639 2654 z
674 2611 692 2654 e
727 2595 741 2655 t
772 2613 803 2655 α.

168 2750 313 2833 Nomina,
342 2766 470 2828 quorum
493 2751 659 2830 pernvltima
681 2751 781 2812 linitur
801 2752 908 2832 alpina,
930 2755 1092 2831 peregrina
1114 2764 1184 2815 sum

102 2855 130 2915 el
153 2852 305 2912 hominum
324 2841 512 2927 Ἀρτάβαζος,
538 2844 749 2928 Φαρνάβαζος,
770 2849 945 2928 Τηρίβαζος,
962 2845 1119 2928 Οἰόβαζος,
1136 2851 1184 2909 vcl

104 2951 201 3011 vbiunv
223 2943 366 3025 Ἄραξος,
392 2941 552 3026 Βύμαζος,
577 2962 666 3007 unvvm
689 2947 906 3024 appellativum
928 2943 1066 3019 τόπαζος.
1110 2947 1184 3005 item

99 3047 226 3110 cvvvinina
249 3041 426 3126 Βαρύγαζα,
456 3039 599 3123 Γάργαζα
621 3050 679 3104 ete.
710 3043 765 3104 sed
797 3050 827 3103 et
857 3041 1072 3120 appellativum
1102 3040 1183 3109 denti

99 3154 185 3208 atum
207 3140 320 3224 χάλαζα
341 3138 424 3223 παρὰ
444 3137 480 3203 τὸ
501 3142 582 3222 pato
605 3140 669 3202 Eli.
695 3139 776 3219 quud
798 3141 869 3202 milri
891 3157 952 3201 non
975 3147 1035 3202 tam
1068 3145 1183 3202 certum

103 3245 202 3306 idotur
232 3259 321 3321 elutum
350 3240 591 3319 lienioograplvis
620 3240 752 3320 nostris,
786 3255 843 3300 neo
872 3240 968 3316 magis
996 3238 1183 3318 persuadent

99 3338 203 3418 ελαζών
225 3342 263 3402 οο
285 3336 343 3419 ἄλη
365 3339 533 3400 derivatum
563 3354 651 3418 esse,
674 3335 729 3399 sed
751 3335 825 3397 nilvil
844 3337 973 3397 rationis
997 3335 1055 3398 dici
1078 3341 1184 3415 potest

99 3443 156 3521 uin
184 3433 325 3516 οαβάζως
356 3445 512 3518 repetatur
535 3453 552 3496 a
575 3430 696 3514 Σάβας,
720 3435 767 3495 cui
791 3435 907 3496 Curaes
930 3434 967 3495 ad
990 3433 1090 3495 Strati).
1113 3432 1182 3495 222.

101 3541 202 3602 onlert
231 3539 377 3598 novitium
407 3531 496 3616 ζαβός
518 3533 547 3595 id
569 3539 618 3594 est
638 3527 821 3612 παράφρων.
865 3531 937 3592 Urbi
965 3528 1182 3591 macedonicae

99 3637 377 3711 coaeternorum
401 3633 568 3696 cummunis
592 3639 640 3693 est
662 3648 729 3693 eum
751 3646 863 3708 graeco
892 3624 1004 3709 ἅραεζα
1032 3628 1098 3689 sive
1124 3620 1182 3702 ἄρ-

99 3739 179 3812 egos,
203 3733 257 3796 sed
279 3734 338 3795 lroc
360 3734 459 3812 ipsum
482 3738 580 3792 utrum
603 3729 732 3807 simplex
755 3728 794 3788 sit
817 3728 854 3788 avb
877 3723 968 3806 ἅρπαξ
997 3722 1121 3787 ἄκανθα
1143 3740 1182 3785 an

103 3834 260 3914 epulatum
289 3838 319 3892 ut
347 3826 506 3910 ἕρκόαεζα,
542 3845 603 3889 non
632 3832 827 3906 perspectum
857 3824 1013 3886 ltalvemus.
1062 3822 1182 3885 Tertiae

99 3931 202 3996 ‘oculis
225 3929 363 4008 enenvpla
385 3929 533 4008 praebent
560 3920 680 4000 Ψώιζος
701 3919 820 4004 ἄφοδος
845 3916 926 4001 ὑγρά
946 3922 1018 3983 lles,
1040 3924 1071 3981 ct
1099 3917 1181 3997 quud

99 4030 164 4093 dem
184 4028 286 4090 valere
308 4027 426 4088 videtur
454 4027 541 4110 ψῷζα
568 4019 661 4096 νόσος
687 4042 749 4097 τις,
779 4014 914 4100 κνησμὸς
939 4013 1013 4099 μετὰ
1034 4016 1183 4092 ὅνςωόίας

99 4127 169 4192 inid.
192 4126 247 4189 scd
269 4125 349 4207 apud
371 4125 510 4188 Plotium
532 4124 619 4200 ωῶζα
640 4122 764 4203 legitur,
785 4121 817 4182 io
837 4119 902 4183 ult.
923 4120 995 4195 pota
1016 4114 1069 4182 καὶ
1088 4119 1183 4195 poto,
