2648 4756
167 336 220 400 nn
242 334 880 414 uououonunculnusrsreun.
905 338 937 403 o.
952 339 1030 417 ns.
1048 341 1075 407 1.
1118 320 1182 410 aar

74 494 227 582 ἡέσχοίιη
248 500 321 566 llos.
349 498 488 584 reprimor
513 510 543 566 et
563 496 715 584 ὑμνήσιος
735 501 854 566 Aelian.
877 509 929 568 aut
956 507 1083 587 antiqua
1110 509 1182 588 qui-

72 596 141 662 tlem
164 606 238 661 sunt
260 598 315 662 setl
335 602 458 680 poetioa
478 597 619 683 κτήσιος,
647 595 791 677 ἐπόψιος,
820 596 1002 686 ίιιισαίσιος,
1032 598 1180 686 ἀνάρσιος

71 692 173 775 (παρὰ
193 692 229 759 τὸ
250 691 315 777 ἅμα
336 697 433 779 Suitl.)
454 694 599 778 ὑπόψιος,
620 694 784 775 πανόψιος,
807 693 983 780 συλήσιος.7
1015 704 1126 767 Verum
1145 706 1178 768 in

68 794 120 856 iris
142 796 220 876 ipsis
240 795 387 859 nonnulla
408 797 527 880 insunt,
555 815 634 879 quae
656 797 782 861 aluturi
796 797 993 862 similitudine
1008 805 1069 864 tarn
1083 802 1176 883 longe

68 891 282 957 discesserunt
303 899 335 956 ul
355 893 488 959 dubitari
507 897 610 976 possit
624 911 662 958 an
677 896 738 958 alio
752 896 860 957 referri
874 894 1016 961 debeant.
1044 898 1175 964 Primum

66 990 168 1054 diuam
196 989 235 1055 tle
259 991 360 1054 rooali
389 1009 468 1072 quae
495 995 594 1074 sigma
619 992 785 1073 praeeedit.
827 993 958 1072 Epsilou
979 995 1070 1075 igitur
1090 1012 1174 1061 non·

63 1104 219 1167 nunquam
239 1089 272 1153 iu
291 1075 329 1152 εἶ
336 1089 388 1153 rol
407 1077 437 1174 ἧ
450 1093 589 1173 vertitur,
609 1085 695 1169 πνοὰ
714 1084 770 1157 τὸν
786 1083 908 1171 ἀρκέσον
917 1085 1071 1171 Ἀςιιέοιος
1084 1092 1172 1174 (Soli.

64 1185 99 1248 ll.
126 1185 161 1249 ll.
190 1185 275 1267 631.)
302 1180 543 1271 millenarios
570 1188 734 1253 Ηεεοσίαο.
762 1188 829 1251 ΕΜ.
858 1188 926 1271 144,
948 1191 976 1256 2.
1004 1190 1043 1255 ab
1071 1184 1170 1253 ιἰλέσοι

62 1298 128 1346 non
155 1283 256 1347 solum
279 1276 409 1350 Ἀλεσίαι
435 1289 523 1352 rious
550 1289 741 1368 Laeonious,
768 1292 801 1349 ul
821 1286 993 1351 Pausanias
1016 1289 1169 1372 opinatur,

62 1379 122 1444 setl
149 1382 240 1445 etiam
266 1375 397 1466 ἆλὴσιον
421 1386 487 1448 πᾶν
513 1379 551 1448 τὸ
572 1379 777 1466 ἀληλεσμένον
797 1385 869 1449 lles.
891 1386 1044 1467 aliumque
1065 1386 1167 1452 looum
1258 1448 1261 1455 .

55 1472 207 1543 Ἀλείσιον
224 1482 291 1545 siue
304 1475 452 1565 Ἀλήσιον
471 1483 612 1548 dubitant
632 1487 733 1545 ulrum
753 1482 793 1547 al)
814 1477 912 1545 ἀλέσαι
933 1484 1101 1547 derivatum
1116 1483 1167 1550 tli-

60 1584 134 1641 oant
155 1595 196 1642 an
213 1575 406 1661 παρώνυμον
425 1582 471 1668 τῷ
491 1575 541 1667 ἁλί
560 1599 588 1646 v.
608 1579 729 1644 Berlol.
752 1579 790 1644 ad
812 1580 917 1660 steph.
939 1598 965 1644 s.
983 1581 1010 1646 ir.
1027 1601 1055 1647 v.
1074 1576 1163 1665 Ἄκη·

57 1675 128 1749 σίας
152 1677 301 1743 inlusor.
327 1678 461 1743 Noiutel.
483 1678 520 1743 N.
543 1679 610 1743 165.
638 1672 796 1759 Καλήσιος
816 1713 857 1726 -
877 1672 1018 1742 ἀπὸτοῦ
1038 1677 1163 1745 καλέσαι

59 1774 132 1838 Sol.
152 1775 186 1842 Il.
206 1776 255 1841 ill.
277 1775 325 1842 18
353 1778 404 1840 oui
430 1776 614 1841 simillimum
637 1784 685 1840 ost
711 1776 786 1839 illud
806 1771 964 1858 Αίνήσιος.
1006 1779 1052 1843 liu
1081 1796 1162 1843 oon-

59 1873 155 1936 tran'o
181 1873 361 1955 prolonga
388 1876 480 1939 inturi
507 1875 632 1938 nomina
659 1872 782 1937 breuem
816 1875 974 1938 asoiseuut
998 1871 1160 1957 Ἐιιβασος

60 1969 219 2035 Oribasos
240 1971 326 2037 Ouitl
347 1974 419 2037 liet.
440 1973 488 2037 lll.
509 1972 579 2035 210.
597 1963 788 2053 Ὀοειβοίσιος
808 1972 899 2036 nuth.
927 1979 958 2036 et
982 1976 1039 2038 tria
1058 1976 1162 2056 Apol-

54 2066 128 2132 linis
150 2070 334 2148 oognomima
354 2064 502 2152 ἐκβάσιος,
523 2064 916 2151 ἐμβάσιοςσίκασαιβοὶσιος,
939 2073 1161 2150 quueValoko-

55 2167 163 2230 narius
192 2167 314 2230 ooniert
345 2167 385 2230 ad
411 2168 548 2232 Plroonn.
581 2165 668 2230 1416.
699 2168 870 2248 similiaque
901 2167 989 2231 toris
1024 2171 1159 2250 epitlreta

53 2256 184 2345 ἆφέσιος
208 2264 300 2328 Paus.
320 2263 342 2328 1.
363 2265 412 2329 44.
441 2272 472 2329 et
500 2259 651 2345 εὑοὲσιος,
683 2264 765 2344 quod
794 2271 824 2328 el
851 2265 908 2328 viri
929 2268 1087 2346 proprium
1109 2276 1158 2333 est

53 2377 168 2426 nomen
187 2367 220 2424 ut
238 2354 436 2436 Ἀνασιάοιος
456 2361 609 2427 Christod.
626 2361 739 2441 Eoplrr.
753 2362 822 2427 404.
840 2369 871 2426 et
879 2355 1062 2428 Ἀνασιοσία
1078 2365 1158 2430 Gre-

51 2475 119 2540 gor.
142 2459 240 2524 Carm.
260 2459 309 2522 lli.
333 2479 361 2541 p.
376 2460 425 2526 78.
438 2462 472 2525 Β.
491 2456 642 2540 Αίμέοιος,
658 2455 869 2540 Προαιοίσιος,
891 2458 1051 2537 Σονέσιος.
1073 2464 1157 2528 liaeo

50 2559 145 2637 igitur
166 2559 218 2639 qui
239 2574 259 2620 a
280 2559 389 2621 luturis
411 2557 548 2621 derivata
569 2564 752 2640 statuerunt,
776 2558 814 2622 atl
831 2560 973 2638 systolen
989 2563 1156 2641 coningere

52 2656 156 2718 ooaoti
183 2661 255 2717 sunt
282 2661 315 2717 nt
341 2656 373 2717 in
395 2657 562 2721 femininis:
597 2650 682 2737 παρὰ
702 2652 776 2729 τοὺς
794 2652 959 2737 μέλλοντας
979 2654 1096 2739 ἐγένετο
1116 2655 1156 2723 τὰ

49 2754 181 2817 τοιαῦτα
201 2746 340 2834 ὀνόματα
359 2748 426 2835 ἥσω
449 2750 560 2830 ἐξεσίοι,
589 2750 681 2817 θύσω
702 2755 812 2830 θυσία,
842 2756 994 2832 προδοσία
1022 2757 1092 2821 Seh.
1121 2758 1153 2822 ll.

50 2851 156 2915 XXIV.
178 2851 249 2915 235.
279 2849 340 2914 Setl
362 2850 419 2914 lrao
441 2853 569 2932 ambage
592 2870 671 2933 opus
692 2868 755 2915 uon
778 2858 826 2915 est
848 2852 876 2913 si
896 2855 1053 2930 sequimur
1073 2855 1153 2915 viam

50 2949 89 3011 ab
111 2949 177 3011 EM.
199 2948 270 3031 778,
289 2948 339 3014 86.
361 2957 561 3013 monstratam
588 2945 759 3031 ὑπερβασία
779 2943 873 3040 μιαρὲ.
883 2944 938 3009 τὸν
946 2943 1088 3041 β-έβαμαι
1107 2943 1154 3028 βὲ·

49 3049 145 3128 βασαι
164 3045 394 3127 mausolaeo.
444 3047 496 3109 Sio
517 3049 609 3127 igitur
633 3047 755 3110 nomina
779 3047 811 3107 in
833 3066 880 3118 ιος
901 3051 932 3108 el
953 3068 1010 3122 ιας,
1034 3063 1153 3127 quaea

49 3145 143 3206 iuturi
165 3143 361 3208 similitudine
383 3145 540 3226 aberrant,
569 3161 587 3207 a
609 3142 745 3208 secunda
766 3143 894 3223 perieeti
915 3145 1033 3224 passivi
1053 3146 1152 3225 repeti

48 3244 96 3304 ias
120 3248 169 3303 est
189 3248 250 3322 aut,
273 3243 300 3304 si
320 3258 359 3304 ne
381 3242 458 3305 haee
479 3243 599 3323 quidem
621 3244 691 3323 lingi
713 3247 832 3323 potest,
854 3259 873 3304 a
896 3243 1098 3307 substantivis
1119 3244 1151 3306 in

47 3326 279 3419 o‘rg‘deolinatis,
301 3334 457 3419 Νεμέσιος,
475 3336 619 3420 γενέσιος,
639 3335 810 3423 καθάρσιος
823 3346 880 3403 eto.
908 3335 1044 3420 Στήσιος
1064 3357 1149 3423 veru,

47 3454 109 3519 quo
136 3437 259 3499 nomine
280 3435 461 3499 Plutarchus
487 3437 593 3501 lovem
616 3439 771 3502 Statorem
791 3437 1021 3519 interpretatur,
1042 3443 1073 3500 et
1093 3433 1147 3500 λύ-

45 3551 112 3608 σιος
135 3534 236 3597 Liberi
259 3536 356 3614 patris
378 3541 629 3617 cognomentum,
659 3535 878 3617 propriumque
904 3532 1039 3615 Λυσίας,
1067 3549 1149 3614 quo-

44 3651 111 3698 rum
132 3632 252 3711 syllaba
274 3633 370 3712 prima
390 3633 485 3712 longa
505 3639 564 3715 esi,
591 3650 609 3696 a
631 3634 737 3697 iuturis
759 3633 861 3712 potius
883 3647 972 3711 quam
993 3647 1013 3693 a
1033 3632 1148 3693 vitioso

44 3734 141 3812 λῦσις,
164 3729 246 3811 quoti
267 3730 297 3791 in
318 3730 519 3810 leoninos.
541 3730 578 3793 N.
599 3729 649 3799 26,
670 3729 740 3795 426.
770 3730 963 3809 proponitur,
986 3727 1042 3793 setl
1066 3728 1146 3790 Θεο-

110 3978 141 4044 7)
158 3975 262 4030 Maxim.
281 3991 306 4027 v.
325 3976 383 4032 584.
397 3973 502 4039 σελήνη,
522 3976 548 4028 ελ
563 3974 617 4043 μὲν
633 3975 719 4027 ἕλοιτο
741 3975 804 4042 (ser.
821 3973 923 4041 ὄλοιτο)
936 3973 1063 4043 ἄργυρος,
1078 3973 1142 4027 ἀνά·

41 4077 87 4128 γει
104 4057 189 4110 πάλιν
213 4086 243 4098 -
261 4057 356 4121 ιιεῆσιν
373 4057 398 4110 δ’
417 4054 561 4110 ἆλεαλσεται
578 4056 660 4119 ἄλλον
679 4054 695 4119 ἥ
714 4072 752 4114 τις
770 4056 805 4107 lla
822 4053 851 4107 ἐν
867 4053 1001 4124 μεγάρων
1019 4055 1145 4121 mlieres

42 4139 179 4209 ίχνείσειε
199 4141 216 4192 i.
236 4152 260 4194 e.
282 4154 329 4208 per
347 4139 439 4192 uuum
457 4138 557 4196 abierit.
