2648 4756
178 348 244 415 uia
434 320 438 333 '
529 332 851 404 orssnarnrro
888 333 937 398 ni.

178 504 347 594 καβηηός,
370 496 572 582 denudanda
592 503 623 563 in
643 501 716 564 ilar.
739 499 833 562 Arist.
855 498 951 561 llann
978 496 1066 562 1056.
1106 499 1208 562 Causa
1232 517 1286 561 au·

182 621 241 674 tem
263 608 354 685 liujus
376 602 551 665 constantis
572 597 799 662 inconstantiae
820 612 921 676 oeque
943 597 974 658 in
997 596 1218 675 significatione
1233 617 1288 679 po-

180 709 242 770 sita
263 719 336 767 esse
358 706 479 782 potest,
511 713 642 778 namque
661 697 816 760 liominum
836 695 984 763 montium
1014 695 1216 776 vicorumque
1237 715 1289 759 uo-

179 805 263 867 mina
280 799 390 864 codem
404 797 497 861 modo
515 793 707 871 scribonium
727 810 828 874 neque
842 794 873 855 in
889 791 1071 856 diuersitate
1087 797 1195 876 elymi,
1215 797 1288 876 qnod

181 900 362 983 plerumque
389 896 473 959 latet.
521 892 598 968 Quis
626 892 705 954 enirn
731 908 788 972 pro
811 898 897 954 certo
920 897 1062 954 assumat
1085 891 1174 972 quod
1197 893 1286 956 Sclol

181 998 258 1062 l‘lat.
281 996 353 1060 Crit.
376 1012 405 1076 p.
427 993 497 1057 tlt.
519 990 649 1055 atllrmat
680 988 881 1067 Lycabettum
909 996 1056 1053 vocaturn
1086 1007 1163 1054 esso
1192 986 1285 1054 διὰτὸ
1323 1051 1324 1066 ,

182 1094 290 1168 λύκοις
308 1086 481 1174 capesset
501 1096 554 1153 aut
576 1087 629 1153 Ori
652 1093 857 1151 commentum
877 1087 908 1150 in
925 1088 991 1152 llll.
1004 1080 1286 1170 Ἆλιιιαρνασόςὸιᾶ

182 1189 219 1258 τὸ
246 1188 324 1272 πρὸς
349 1182 460 1274 oppleti
485 1188 540 1268 τῆς
569 1186 690 1264 Καρίας
709 1178 861 1270 ᾠκίσθαι,
888 1185 938 1249 rel
959 1184 1043 1266 quod
1068 1187 1248 1267 Stephanus
1266 1206 1286 1250 s.

189 1290 339 1371 Τρινανλα
359 1287 526 1367 significat,
555 1284 742 1364 Lyrnessum
763 1275 827 1346 ἀπὸ
844 1283 900 1365 τῆς
920 1277 1122 1366 ὁμοιότητος,
1158 1286 1216 1349 lioc
1235 1294 1286 1369 ost,

185 1390 311 1469 alprao
333 1385 554 1449 similitudine?
589 1382 654 1446 Neo
683 1381 803 1444 felicius
831 1389 879 1445 est
899 1382 1054 1446 Welclieri
1076 1384 1238 1448 inuentum
1256 1385 1285 1449 de

184 1487 268 1568 cycl.
291 1485 375 1565 Epic.
396 1484 466 1548 244.
500 1475 670 1563 Bpatepooda
690 1497 728 1542 ex
749 1475 910 1560 ἐριύισσός
931 1486 1130 1546 contractum
1154 1500 1244 1561 esse,
1261 1492 1283 1547 et
1323 1514 1324 1517 ¹

183 1584 322 1652 llluelleri
349 1584 381 1645 in
408 1580 513 1646 Dorib.
534 1580 556 1643 l.
579 1579 646 1642 104.
669 1571 910 1660 Ἅλιιιαρνασσός
936 1595 974 1642 en
1002 1572 1055 1642 aaa
1082 1616 1125 1626 —
1149 1577 1282 1665 κάρψω.

183 1684 371 1750 Primitivnm
397 1680 529 1742 forsitan
557 1677 647 1739 luerit
662 1668 844 1757 ‘Auxanum
872 1692 933 1757 quo
960 1679 1090 1742 nomine
1117 1681 1283 1763 Stephanus

183 1801 210 1845 s.
233 1776 348 1848 Χαλκίς
368 1774 542 1837 Chalcidem
563 1773 749 1856 appellatam
772 1791 845 1838 esse
865 1775 980 1855 scribit,
1002 1791 1105 1857 eaque
1126 1794 1192 1842 non
1206 1781 1285 1842 inso-

182 1879 238 1941 lita
259 1882 306 1939 est
328 1873 446 1936 urbium
467 1871 651 1952 appellatio:
668 1867 834 1953 Ἀλίκυρνα
854 1874 1048 1938 Acarnaniae
1070 1892 1100 1938 v.
1123 1876 1284 1941 'l'ascliucln

182 1973 222 2038 ad
249 1971 351 2037 Strab.
379 1971 414 2034 X.
438 1971 505 2035 lit.
527 1963 692 2051 littemve
721 1971 850 2034 Troadis
879 1971 985 2052 Stcpli.
1013 1972 1152 2051 (omissa
1173 1977 1206 2039 in
1227 1976 1284 2053 Tl)

183 2067 336 2152 Κάλαρνα
356 2068 571 2149 Macedoniae,
599 2064 791 2147 Καλάσαρνα
812 2069 934 2150 ltaliae,
965 2065 1162 2153 Φαλάσιιρνα
1184 2074 1284 2138 Cretae

161 2160 243 2237 'etc
265 2189 293 2235 v.
309 2170 440 2233 llissert.
457 2166 490 2230 l.
507 2173 537 2240 §-
551 2166 580 2230 6.
602 2165 680 2230 Δάιι.
693 2167 742 2230 57.
771 2169 824 2231 Sic
839 2175 870 2231 et
884 2169 999 2231 montis
1014 2183 1130 2234 nomen
1148 2174 1283 2254 Ταφίω-

183 2288 238 2345 coa
251 2272 318 2335 siue
331 2267 491 2347 Ταφιάσος
511 2264 636 2341 (Tuscln
649 2263 688 2329 ad
701 2265 760 2329 Str.
776 2266 813 2329 it
828 2266 892 2346 52.)
914 2282 1004 2347 quem
1024 2268 1208 2349 Antigonus
1229 2270 1283 2335 llir.
1323 2294 1324 2349 l

183 2367 312 2434 Clllllll.
339 2365 463 2444 Ταφίου
482 2358 555 2443 ὄρος
575 2369 677 2444 vocat,
698 2378 717 2425 a
742 2358 862 2444 Τάφιος
884 2364 1067 2429 declinatum
1090 2366 1227 2451 videtur,
1253 2363 1284 2432 τὰ

185 2469 286 2548 Νῶρα
310 2464 372 2527 νῦν
397 2464 531 2524 καλεῖται
551 2456 739 2541 Νηροασσός
765 2461 867 2525 Strab.
889 2462 949 2526 illl.
976 2462 1046 2527 537.
1076 2481 1140 2545 qua
1171 2469 1284 2532 ratione

182 2567 274 2630 etiam
297 2558 450 2642 Κύρβιισα
479 2575 546 2621 cnm
569 2553 697 2638 Κύρβη,
730 2562 889 2640 Περγασαί
915 2578 983 2624 oum
1007 2557 1114 2644 Πέργῃ
1145 2561 1283 2647 (πύργος,

187 2659 347 2741 Hipponoo)
370 2656 527 2720 conciliari
542 2663 693 2736 possunt;
721 2658 939 2737 cephalleniae
960 2661 1070 2723 civitas
1094 2661 1127 2723 ol
1151 2660 1285 2742 Πρόννοι

182 2759 289 2840 Polyb.
313 2760 347 2822 ll.
369 2756 397 2819 3.
425 2754 505 2834 apud
534 2754 612 2816 alios
640 2762 714 2836 typo
743 2758 927 2834 possessivo
959 2753 1100 2834 Hodierno
1129 2767 1162 2823 et
1188 2766 1283 2842 lipom

180 2864 274 2936 ναῖοι,
297 2875 315 2921 a
337 2856 491 2920 Strabone
511 2849 681 2934 Πρώιιησος
702 2853 813 2916 dicitur
829 2854 944 2918 ilitio.
965 2856 1172 2923 Brundusium
1192 2864 1283 2943 Bpee

181 2956 290 3040 ιὴσιοιι
317 2974 335 3018 a
364 2970 441 3016 voce
468 2952 673 3031 llesapiorum
700 2948 828 3031 βρένὸος
855 2953 967 3016 dictum
989 2965 1134 3038 narrant,
1167 2960 1283 3025 'litare-

183 3073 238 3120 sus
260 3061 343 3116 certe
366 3069 384 3113 a
404 3058 524 3130 monte,
553 3049 631 3112 uode
657 3049 794 3130 proluit,
825 3051 928 3112 Titano
949 3067 1061 3115 nomen
1084 3060 1212 3136 accepit
1245 3059 1283 3123 lt

182 3151 251 3216 ill.
273 3143 500 3225 Mvaotpcodg,
523 3155 613 3228 puto,
636 3164 654 3208 a
677 3143 828 3228 Μυκάλη,
856 3150 1028 3228 quicunque
1057 3151 1179 3217 demum
1204 3158 1283 3222 locus

181 3251 226 3312 ita
246 3247 419 3328 appellatus
442 3251 506 3323 cst;
540 3241 731 3325 Πύργησσαυ
752 3246 928 3325 Stephanus
950 3255 1043 3310 vocat
1064 3250 1174 3317 ltaliae
1199 3259 1284 3338 oppi·
1320 3296 1323 3325 ι

183 3347 253 3412 dum
283 3345 365 3427 quod
393 3344 484 3422 uulgo
513 3343 603 3421 Pyrgi
630 3342 748 3405 dicitur.
799 3345 937 3424 Denique
968 3346 1042 3409 ninii
1073 3364 1134 3413 nos
1164 3353 1283 3434 adjurat

182 3446 382 3509 dialectorum
405 3442 603 3519 obseruati03
633 3458 700 3503 nam
723 3441 805 3522 quod
819 3443 932 3505 Strabo
955 3442 1026 3506 dicit
1047 3444 1095 3508 tx.
1115 3448 1188 3514 404.
1212 3456 1282 3516 Mo-

182 3538 335 3626 καλησσός
361 3577 401 3588 -
426 3543 557 3603 καλοῦσι
583 3534 616 3601 δὲ
644 3541 833 3618 βοιωτιακώς
853 3538 1077 3623 Μυκαληττόυ,
1107 3552 1282 3625 quantillum

182 3645 284 3708 valeat
311 3641 349 3705 ad
372 3639 621 3718 cognoscendum
642 3654 730 3700 usum
758 3639 955 3703 scribentium
977 3642 1026 3704 uel
1048 3660 1086 3705 en
1109 3661 1148 3707 eo
1173 3649 1283 3713 intelll-

181 3746 261 3825 gitur
285 3739 367 3822 quod
388 3755 465 3819 quae
490 3737 529 3800 ad
549 3737 709 3799 Boeotiam
731 3737 884 3815 pertinent
906 3740 997 3819 uulgo
1016 3759 1072 3821 por
1087 3729 1133 3805 σῖ
1142 3749 1283 3812 scribun-

181 3851 230 3904 tur
252 3831 718 3930 Kappooog‚'13epprpoedgsivo
743 3831 920 3916 Περμησός,
955 3837 1127 3924 Τευμησός,
1156 3856 1189 3910 et
1211 3866 1282 3930 quan

183 3941 220 4001 ad
244 3941 372 4001 Atticam
390 3953 445 4016 per
461 3958 504 4011 aa,
528 3929 736 4016 Λυκαβηττός,
752 3931 961 4016 avocantes.
984 3974 1023 3983 -
1043 3940 1205 4010 Feminina
1218 3953 1282 4013 sunl

253 4157 282 4222 9)
303 4155 416 4219 Hesych.
436 4159 607 4223 Αυκιιβιιιιίις
622 4154 734 4223 δρυμός,
755 4154 786 4208 ἐν
802 4144 823 4224 ᾧ
843 4156 868 4207 ol
885 4155 961 4210 λύκοι
978 4158 1156 4228 διατρίβουσι.
