2648 4756
109 346 136 410 r
151 346 247 413 rou.
263 345 430 425 ouoauu
445 344 866 412 auauusrouurams.
889 350 1025 427 eruta.
1040 353 1068 419 a.
1096 356 1166 423 aaa

109 518 228 576 eruatur
258 529 277 575 a
303 512 438 591 Theogu.
466 509 515 576 58.
544 511 610 574 ΕΜ.
631 510 681 575 55.
711 510 772 574 duo
800 517 965 593 conjuncta
995 513 1117 596 ἄκυθος
1143 517 1164 606 ἡ

109 610 189 684 loves
209 604 296 692 παρὰ
315 607 351 672 τὸ
370 604 412 692 μὴ
433 604 519 672 κύειν
547 615 578 673 ot
598 604 816 688 μαμμάκνθος,
839 628 929 675 uuum
950 617 1080 698 simplex
1102 622 1165 685 Mt-

109 713 161 782 ioa
174 710 231 770 riri
248 724 358 771 nomeu
374 723 434 770 nou
449 706 605 770 incolebre
618 724 644 770 v.
661 706 793 771 Siebelis
810 709 847 771 ad
863 711 952 775 Paus.
963 714 995 778 V.
1002 715 1050 780 et.
1058 718 1162 797 pero.

109 803 209 880 ιικκός
230 805 406 887 productum
429 807 566 868 fortasse
587 812 754 886 praeeunte
767 805 919 886 adjectivo
941 810 1083 893 μίκυθυς,
1105 833 1164 880 ou-

133 908 290 986 imagiuem
313 905 406 966 retert
425 920 487 966 uox
508 919 666 984 paragoga
686 900 853 985 μικὺθινος
874 908 891 971 i.
914 924 942 988 q.
963 907 1071 990 μικρός
1091 914 1177 980 iles·

113 1024 130 1068 ο
159 1005 303 1082 deinceps
332 1002 508 1064 Μυκονίων
527 1002 658 1081 appear.
687 1003 754 1082 syr.
777 1021 803 1067 ο.
826 1005 888 1070 ru.
919 1014 949 1070 υ
978 996 1165 1089 metaverat

113 1104 197 1167 Com.
224 1102 270 1164 Fr.
294 1099 329 1163 ll.
351 1099 420 1164 2662
447 1093 490 1174 ὦς
507 1097 684 1179 Ἥφαιστος
705 1095 912 1183 Ἡφαιστίων,
941 1102 1025 1169 οὕτω
1052 1106 1165 1191 poppae

109 1205 226 1282 ργυθος
242 1197 430 1278 Γοργυθίων
444 1196 511 1261 ΕΜ.
533 1197 604 1280 238,
618 1198 668 1263 48.
691 1200 773 1280 quod
787 1202 892 1267 herois
910 1205 1035 1284 rrojam
1052 1223 1166 1274 nomeu

109 1300 211 1363 iuekio
233 1298 311 1360 illst.
334 1296 418 1359 Com.
442 1296 511 1360 327.
534 1297 672 1359 asianum
693 1298 813 1362 videtur
834 1303 938 1381 potius
960 1321 1050 1384 quam
1070 1323 1166 1387 grao-

109 1414 138 1461 u.
175 1392 326 1475 Κόρυθος
347 1400 377 1457 et
399 1396 555 1475 proprium
578 1402 626 1458 est
649 1404 679 1459 et
702 1397 934 1477 appellativum:
963 1399 1102 1485 κόρυθος
1122 1399 1165 1481 εἷς

109 1495 289 1576 ντροχίλων
310 1494 382 1556 Hes.
405 1493 454 1554 cui
476 1499 639 1570 cognatum
660 1489 812 1577 κορύθων
833 1490 1009 1581 ἀλεκτρυών
1029 1510 1059 1566 ολ
1074 1500 1165 1586 κόρυ-

109 1617 114 1663 r
136 1596 201 1658 sive
221 1587 380 1672 κορυὸών,
403 1591 515 1670 quibus
538 1591 678 1655 omuibus
701 1611 774 1657 aves
796 1597 943 1660 cristatae
965 1605 996 1663 et
1015 1601 1165 1680 galeriiae

109 1694 270 1756 uiieautur
300 1690 390 1752 facile
410 1695 444 1750 ut
465 1694 613 1768 appareat
636 1707 654 1753 a
676 1687 770 1772 κόρυς
793 1691 931 1757 derivata
951 1713 1032 1762 esse.
1073 1700 1165 1764 Alte-

109 1792 288 1871 οψλμυθος
308 1789 461 1868 peregrini
483 1787 600 1864 simile,
623 1796 709 1853 certe
734 1807 866 1869 graecae
895 1795 1022 1875 originis
1051 1814 1164 1879 expers

112 1941 119 1954 .
163 1891 297 1952 Tertium
325 1881 464 1968 λήκυθος
491 1879 510 1966 ἡ
536 1880 670 1967 λάγυνος
695 1885 749 1951 καὶ
774 1883 810 1952 τὸ
837 1888 950 1972 μεταξὺ
970 1896 1028 1958 τοῦ
1047 1897 1163 1960 λαυκα·

112 2011 132 2051 ν
160 1985 211 2050 καὶ
238 1987 297 2050 τοῦ
319 1979 448 2066 αὐχένος
473 1978 588 2066 ἠχῶδες
610 1986 714 2051 Schol.
737 1987 813 2052 rtat.
835 1986 863 2068 p.
885 1989 954 2055 334.
976 2010 1166 2075 paragogum

111 2104 130 2151 ο
150 2085 242 2149 dubio
264 2083 314 2147 vel
335 2102 353 2146 a
371 2079 459 2157 λέκος
478 2084 536 2166 vel,
558 2084 641 2164 quod
662 2090 808 2168 praestat,
831 2102 849 2148 a
869 2088 973 2167 ληκεῖν
993 2090 1072 2154 uude
1093 2115 1166 2175 nora

109 2189 208 2248 tonaio
229 2189 260 2247 et
279 2177 530 2264 κομπολακύθης.
560 2183 642 2247 idem
664 2190 712 2246 est
735 2182 839 2263 oppidi
860 2201 971 2250 nomeu
992 2190 1085 2252 vieini
1106 2192 1166 2257 lo·

109 2301 158 2348 rae
181 2284 272 2345 Thac.
301 2280 347 2343 tr.
371 2279 438 2343 113.
468 2296 558 2360 quam
581 2280 798 2360 Theoguostus
826 2279 981 2366 Ληκύθην
1008 2287 1166 2367 appellare

109 2391 182 2446 etur
208 2383 239 2443 iu
265 2394 385 2441 cauoue
414 2394 521 2441 omues
540 2379 667 2442 vocales
689 2380 867 2459 complexo:
904 2375 943 2443 τὰ
962 2382 1004 2457 εἰς
1024 2372 1069 2466 θ’ἱρ
1090 2383 1165 2449 σκολ-

109 2505 114 2543 o
135 2477 218 2543 πάνυ
238 2475 289 2540 καὶ
310 2476 387 2555 πρὸς
403 2473 574 2559 amovendo
589 2471 788 2559 συναρμογὴν
805 2471 1007 2562 ἀκατάλληλα,
1029 2468 1189 2569 Apsoda]-

109 2576 199 2655 πόλις,
220 2573 277 2658 τὴν
300 2573 456 2655 ἄρχουσαν
477 2570 546 2656 ἕχον
567 2570 619 2637 διὰ
639 2577 696 2637 τοῦ
715 2583 735 2657 ἡ
756 2573 809 2638 καὶ
829 2572 886 2658 τὴν
906 2572 971 2657 μετ’
992 2574 1092 2664 αὐτὴν
1113 2578 1165 2647 dcci

109 2681 120 2742 i
141 2674 163 2741 a]
184 2678 287 2752 ψιλοῦ,
310 2671 439 2756 Λυκέθη
456 2670 567 2756 κύριον
586 2667 644 2755 τὴν
664 2669 719 2755 μὲν
740 2671 897 2756 ἄρχουσαν
911 2674 980 2758 ἕχον
1001 2674 1053 2743 διὰ
1072 2682 1166 2747 rofio

109 2778 173 2857 too,
207 2769 322 2854 κακνθὴ
351 2768 502 2848 ὀξύτονον
529 2773 573 2857 τῷ
602 2781 616 2833 i
643 2770 904 2854 παραληγόμενον.
940 2772 1041 2838 Ὅθεν
1068 2781 1166 2843 ταῦτα

109 2876 181 2959 ορίρ
203 2868 307 2954 φέρειν
325 2872 575 2952 καραχωροῦμεν.
613 2871 747 2945 Quorum
769 2872 897 2934 alterum
917 2890 979 2936 nou
1001 2882 1076 2954 puto
1099 2880 1166 2939 sine

109 2975 173 3037 udo
201 2990 273 3035 esse
301 2987 359 3033 uec
391 2972 560 3032 orationem
588 2969 737 3046 integram
759 2969 815 3031 sed
834 2970 945 3031 deesse
968 2973 1050 3050 quod
1071 2973 1167 3052 priori

109 3071 204 3151 emplo
227 3069 378 3150 adjectum
401 3077 449 3130 cst
471 3068 508 3129 de
529 3066 710 3146 penultima,
744 3066 803 3128 hoc
826 3067 890 3130 iere
911 3075 964 3130 aut
984 3068 1057 3149 quid
1078 3072 1166 3134 item:

109 3170 183 3250 κίθη
204 3165 314 3247 κύριον
334 3161 392 3248 τὴν
412 3161 468 3246 μὲν
488 3161 645 3244 ἄρχουσαν
665 3159 735 3244 ἔχον
755 3159 807 3227 διὰ
826 3167 916 3229 soria*
936 3169 1040 3247 ψιλοῦ,
1061 3164 1120 3254 τὴν
1134 3166 1167 3233 δὲ

109 3264 288 3348 ρατέλευτου
309 3262 360 3328 διὰ
383 3265 440 3326 τοῦ
464 3267 487 3341 i,
508 3264 567 3326 etsi
588 3263 720 3325 nominis
742 3266 857 3345 proprii
873 3272 982 3328 testem
996 3266 1167 3345 producere

108 3385 128 3430 u
150 3382 287 3445 possum.
321 3359 461 3444 Σαμύθα
488 3361 624 3424 mulieris
646 3377 756 3423 nomeu
778 3363 869 3425 Auth.
891 3364 938 3426 Vl.
961 3363 1030 3426 275.
1053 3364 1091 3426 ab
1112 3364 1165 3428 ilio

109 3465 325 3543 retcrmissum
355 3465 489 3526 sortasse
511 3461 582 3538 quia
604 3458 755 3538 doricum3
784 3454 909 3521 ὕσκυθα
929 3454 986 3531 ὑὸς
1007 3453 1168 3541 ἀφόὸευμα

112 3581 138 3625 s.
168 3569 313 3623 accentus
337 3559 472 3623 ostendit
493 3557 610 3637 plurale
633 3574 719 3639 esse,
758 3573 794 3619 ac
823 3573 861 3619 ue
889 3558 1020 3637 simplex
1047 3559 1167 3639 quidem

109 3662 184 3724 ietur
209 3659 264 3723 sed
292 3659 494 3739 compositum
521 3672 589 3718 cum
610 3649 685 3727 σκάς
705 3651 845 3735 (cedros)
868 3674 895 3720 υ.
916 3657 1026 3720 Parall.
1046 3656 1096 3720 80.
1119 3659 1167 3719 eui

109 3776 146 3822 ae
168 3758 277 3821 Pollux
298 3758 331 3820 V.
355 3755 403 3819 ui.
425 3754 562 3834 adjungit
582 3755 725 3836 σπατίλη,
746 3749 885 3831 πέλεθος,
908 3749 1085 3832 ὑσπὲλεθος,
1106 3777 1168 3835 μυ-

109 3853 245 3935 ἐλενδρος
265 3857 420 3934 latinaque
442 3852 594 3929 sacerdo,
630 3853 796 3930 succerda,
828 3870 864 3914 ea
893 3860 923 3915 et
944 3853 1167 3931 significatione

109 3962 239 4034 ugruuut
260 3962 290 4016 et
313 3968 489 4015 communes
509 3949 622 4012 habent
637 3966 795 4012 oousouas
812 3950 996 4013 essentiales
1018 3937 1056 4014 ἆ
1075 3957 1104 4014 et
1127 3937 1169 4015 οἶν

112 4053 271 4133 uidamque
294 4050 441 4114 suffixam.
484 4047 675 4126 adjectivum
703 4048 816 4111 nullum
839 4050 977 4130 reperio,
1007 4050 1066 4112 uisi
1086 4050 1169 4130 quod

121 4150 275 4216 Leonidae
304 4151 520 4229 epigrammate
546 4146 637 4209 Anti.
660 4146 692 4208 V.
714 4146 784 4211 355.
812 4145 850 4210 de
871 4153 968 4213 matre
989 4164 1067 4231 quae
1088 4148 1170 4213 ima-
