2648 4756
158 291 203 358 ὅθ
519 285 845 351 Dtssttttrrtrtu
880 285 902 349 l.

160 455 218 518 τοῦ
233 447 461 534 σημαινομένου
473 447 784 534 παραλαμβανόμενα,
807 446 936 533 ἐργάτης
955 445 1132 532 ἐργατίνης,
1154 445 1268 532 ἄπειρος

160 547 304 633 ἀπείρων,
319 547 420 631 ἅμαξα
434 545 568 631 ἅμαξαία
582 550 726 631 Apollou.
742 548 927 614 delldtterb.
941 550 1011 614 570.
1029 549 1143 614 Schol.
1156 550 1191 614 lt.
1202 550 1266 616 llll
1314 571 1316 588 ¹

164 649 232 715 141.
247 651 356 728 partim
370 648 508 713 diversa:
542 648 572 710 οἱ
591 644 795 730 γραμματικοί
815 641 870 720 τὰς
888 641 951 711 ἀπὸ
969 640 1144 728 ὀνομάτων
1163 669 1265 728 apum

162 742 272 809 τύπων
281 745 497 828 παραγομένας
508 743 600 824 tegere
610 743 688 828 φασὶ
699 745 933 826 παρονομασίας
948 740 992 820 ὥς
1006 739 1075 810 ἀπὸ
1093 748 1156 811 τοῦ
1168 748 1268 811 λευκοῦ

164 841 298 920 Λεύκιος
324 842 377 908 καὶ
401 843 505 929 τρυφή
526 846 657 926 τρυφῶν
679 839 855 925 (Τρύφων)
877 841 930 908 καί
949 840 1024 919 θεός
1045 847 1139 910 θεῶν
1157 842 1269 928 (Θέων)

163 941 273 1006 loann.
303 945 363 1007 Sic.
386 943 424 1007 ad
446 945 587 1023 Hormou.
609 943 644 1007 tt.
666 942 694 1006 5.
716 959 745 1021 p.
766 942 837 1006 tto.
866 944 899 1007 T.
921 944 992 1008 vt1
1034 944 1098 1020 Qui
1120 961 1194 1008 vero
1214 962 1272 1007 no-

164 1041 246 1104 mina
275 1045 419 1104 universa
441 1042 607 1121 generibus
635 1041 811 1104 describere
833 1044 938 1105 conati
959 1049 1048 1125 sunt,
1078 1060 1177 1124 quum
1196 1042 1271 1106 deri-

127 1206 130 1211 ,
165 1140 268 1202 vativa
290 1142 320 1203 in
342 1143 476 1220 quinque
497 1139 691 1219 redegissent
719 1139 861 1222 ordines,
889 1142 1196 1223 patronymicorum,
1222 1139 1272 1203 de-

164 1237 389 1321 minutivorum,
411 1239 672 1321 possessivorum,
693 1241 982 1318 comparativorum,
1005 1239 1271 1319 superlativorum,

121 1399 128 1413 ,
166 1333 286 1418 dehinc,
309 1335 455 1417 quidquid
476 1337 585 1417 reliqui
607 1345 683 1419 erat,
705 1338 795 1417 quasi
816 1354 943 1400 censum
963 1344 1098 1416 agentes
1113 1338 1147 1401 in
1161 1343 1286 1420 sertam

167 1435 382 1513 constiparunt
405 1433 538 1496 classem
560 1452 658 1514 eaque
681 1435 821 1498 dixerunt
843 1451 1029 1518 paronyma,
1050 1451 1118 1500 nou
1140 1453 1205 1516 quo
1225 1452 1270 1498 oo·

169 1538 235 1595 tera
264 1532 354 1595 alium
383 1548 473 1611 quam
501 1549 520 1593 a
548 1533 722 1596 nominibus
750 1540 849 1596 ortum
871 1533 1005 1597 habeant
1027 1533 1086 1597 sed
1109 1535 1186 1615 quia
1204 1533 1271 1596 haec

167 1647 233 1693 nce
262 1629 302 1693 od
331 1629 441 1710 clipeo
463 1632 595 1710 speciali
621 1630 858 1710 sipnificutione
886 1635 923 1693 ut
949 1647 1049 1710 supro
1073 1631 1185 1696 delae
1205 1648 1272 1711 epe»

169 1730 233 1791 cies
255 1728 411 1806 appellavi
428 1731 582 1809 possunt,
618 1731 730 1811 quippe
749 1728 876 1810 formos
893 1729 1053 1808 plurimos
1078 1734 1112 1793 et
1133 1731 1271 1794 ἀίοτωω

169 1824 423 1904 oipntficotiones
443 1828 608 1906 complere
628 1827 880 1891 Priscian.1V.1.
901 1827 976 1891 Vlll.
993 1826 1115 1909 lator
1132 1827 1222 1910 (822)
1241 1820 1272 1890 τὸ

169 1919 362 2006 παρώνυμον
381 1917 480 1987 πολλὰ
500 1920 613 2007 ἐδήλου
625 1961 666 1971 —-
680 1922 744 1989 ἐπεὶ
764 1915 825 1989 οὖν
845 1918 906 1988 οὐκ
925 1921 1057 1988 ἐδύνατο
1078 1921 1112 2002 ἐξ
1133 1919 1206 1999 ἑνὸς
1220 1919 1272 2007 τὴν

170 2016 343 2104 ὀνομασίαν
368 2018 461 2104 ἔχειν,
489 2019 523 2086 ἐκ
544 2026 602 2087 τοῦ
622 2019 838 2105 παρεπομένου
858 2024 953 2086 πᾶσιν
972 2018 1092 2106 ἐκλήθη
1115 2024 1221 2089 schot.
1240 2022 1273 2087 ad

170 2123 259 2186 Ilion.
277 2123 405 2186 Gramm.
418 2120 489 2186 850.
522 2122 624 2186 Nihilo
638 2125 742 2186 secius
757 2123 847 2203 hujus
861 2124 991 2186 misoehi
1004 2125 1131 2204 generis
1145 2125 1274 2205 quinquo

171 2219 374 2304 differentias,
403 2237 483 2301 quae
505 2237 579 2301 prae
602 2222 714 2285 ceteris
736 2223 870 2285 eminent
892 2229 983 2301 atque
1005 2230 1177 2304 apparent,
1205 2239 1274 2302 pro·

171 2321 248 2402 prt'is
270 2322 458 2400 inscripsere
479 2320 668 2383 nominibus:
689 2315 869 2398 περιεκτιπά,
892 2315 1011 2397 ἐθνικοί,
1032 2315 1274 2400 mammonae,

172 2415 275 2498 κύρια,
290 2413 369 2482 κατὰ
382 2419 440 2480 τοῦ
453 2411 554 2480 αὐτοῦ
568 2419 615 2498 (tlt
629 2415 798 2500 ἐργατίνης)
813 2417 917 2481 Schol.
932 2418 1021 2481 Dion.
1028 2417 1048 2481 l.
1056 2435 1082 2480 e.
1105 2418 1194 2483 Haec
1206 2435 1275 2482 tete

173 2515 357 2596 descriptio,
386 2533 446 2594 qua
474 2533 588 2595 genera
615 2518 769 2579 nominum
792 2513 929 2594 disparia
950 2514 1138 2580 distantibus
1162 2535 1181 2580 e
1204 2517 1276 2580 locis

174 2610 374 2693 colliduntur,
403 2612 476 2675 nihil
505 2613 543 2674 ad
569 2630 628 2676 uos
658 2616 766 2676 attinet
794 2615 847 2692 qui
874 2613 1070 2676 substantiva
1090 2631 1109 2677 a
1131 2616 1278 2679 substan·

175 2711 246 2774 tivis
275 2709 366 2773 ducta
395 2710 515 2773 tradere
543 2713 758 2774 constituimus
787 2728 883 2789 opera
911 2712 1072 2790 tripartita.
1123 2713 1278 2793 Quumque

174 2810 206 2873 in
227 2811 325 2890 prima
346 2816 434 2889 parte
456 2811 600 2888 exposita
621 2811 682 2872 sint
705 2826 783 2888 quac
800 2809 930 2872 diversis
945 2810 1073 2872 levibus
1088 2809 1169 2873 idem
1184 2812 1278 2891 signi-

175 2909 276 2991 llcant,
298 2910 328 2971 in
345 2907 480 2971 secunda
494 2925 573 2987 quae
586 2907 756 2970 masculina
770 2908 926 2987 positione
938 2924 1049 2988 mares,
1071 2907 1215 2972 muliehri
1234 2910 1279 2972 le·

175 3009 284 3089 minas,
298 3014 441 3087 superest
456 3008 578 3067 tertium
592 3022 699 3086 genuS,
714 3008 802 3084 cujus
818 3012 890 3067 sunt
907 3005 1040 3084 quinque
1056 3008 1182 3085 species
1195 3008 1279 3088 priu-

177 3105 312 3186 cipales,
335 3104 563 3186 patronymica,
584 3103 749 3183 gentilicia,
770 3103 1033 3184 comprehensiva,
1057 3104 1279 3186 ampliheativa,

176 3203 365 3266 nominalis.²
404 3201 464 3264 Sed
487 3207 614 3281 superat
635 3202 743 3279 ingens
766 3200 972 3264 derivatorum
996 3208 1131 3284 caterva,
1154 3219 1280 3282 quorum

176 3317 235 3364 noc
256 3302 380 3363 nomina
402 3300 479 3362 tradi
501 3306 633 3380 possunt
655 3316 712 3360 nec
735 3298 841 3377 regula
865 3306 1010 3381 apparet,
1039 3301 1111 3379 quia
1138 3316 1202 3363 non
1224 3316 1282 3363 una

176 3399 227 3460 via
249 3397 386 3461 derivata
408 3403 479 3460 sunt
503 3396 559 3460 sed
580 3397 718 3479 pluribus
741 3404 771 3459 et
792 3413 855 3459 uon
870 3396 1067 3459 adamussim
1084 3396 1212 3462 directis
1226 3415 1282 3462 neo

178 3513 249 3560 raro
265 3499 414 3561 contusis.
448 3498 513 3561 lam
535 3496 604 3558 illas
624 3503 756 3575 quatuor
771 3497 904 3577 species,
926 3511 1005 3576 quaa
1018 3497 1050 3557 in
1063 3495 1183 3559 scholis
1198 3503 1282 3559 trac-

180 3598 237 3659 tari
259 3598 378 3677 solent,
405 3611 468 3658 non
496 3595 577 3658 ultra
597 3594 744 3672 attingam
765 3595 825 3655 nisi
847 3610 908 3672 qua
936 3593 1103 3656 cohaerent
1123 3593 1174 3658 his
1196 3612 1282 3658 erra·

177 3752 468 3765 ——u———-n

248 3842 275 3908 1)
305 3843 372 3905 Quin
399 3846 477 3900 etiam
500 3842 607 3898 veihata
631 3837 725 3903 ἐλάτης
747 3841 895 3895 Demetrius
921 3842 947 3893 in
968 3840 1156 3910 llieracosoph.
1181 3858 1207 3911 p.
1227 3843 1280 3900 ill.

182 3924 245 3978 dicit
261 3925 407 3978 καλεῖσθαι
425 3924 596 3996 παρωνύμως
614 3921 660 3975 διὰ
679 3921 708 3973 τὸ
726 3920 898 3974 ἐλαύνεσθαι.

248 4023 277 4089 2)
300 4023 414 4090 ῙΙῙῑθΗίεἰ
439 4025 498 4077 volo
519 4019 736 4089 κνριωννμαὴν·,
761 4035 813 4088 qua
829 4025 974 4078 communia
992 4028 1119 4079 vacuatur
1137 4027 1164 4077 in
1182 4026 1281 4093 propria

181 4105 255 4166 Μῦς,
277 4104 394 4163 Οἰωνός,
412 4102 536 4172 Ἀγλαός,
557 4103 667 4173 Σάμος,
687 4103 747 4165 'ldp
769 4109 819 4158 etc,
