2648 4756
101 352 174 423 aas
460 343 787 415 orssaarnnro
823 344 861 411 x.
1253 322 1256 379 ¹

102 519 159 601 vis
178 502 228 597 σῖ
247 511 347 588 oros
366 507 400 577 a
419 504 492 577 „aa
512 505 727 595 amoueo
747 503 1211 597 comtemnendam.

104 615 168 683 Sed
187 609 306 687 πάσσος
330 611 406 675 iliud
433 626 547 674 uomou
574 611 818 676 commenticium
847 616 897 673 est
924 616 957 673 ot
983 602 1123 684 πάσσαξ,
1150 622 1211 686 uuo

104 712 249 780 Comicus
270 712 418 775 rusticum
439 710 651 789 megarensem
677 716 814 773 utentem
832 708 960 792 inducit,
980 706 1100 770 nullam
1120 720 1214 786 ιιιιιι-

102 810 157 876 bet
175 810 387 891 hypocorismi
408 807 635 888 suspicionem3
657 806 825 888 Gregorius
846 809 924 872 satis
946 806 1042 869 habet
1064 803 1212 867 aeolicum

104 907 209 973 dicere
229 914 263 972 ui
283 902 400 988 ψάφαξ.
443 903 558 987 Βῶμαξ
582 898 826 985 ὑποκοριστικῶς
846 899 864 967 ὁ
883 898 994 985 μικρὸς
1012 902 1124 985 βῶμος
1142 901 1211 965 llos.

104 1006 172 1072 art.
186 1005 282 1071 Beth.
298 1002 414 1070 huecd.
425 1004 476 1069 85.
492 1003 548 1068 sed
568 1002 660 1083 hujus
679 1003 912 1084 signinontionis
925 999 1021 1066 hodie
1033 998 1155 1063 nullum
1168 1014 1214 1063 er·

107 1110 153 1169 tat
165 1103 345 1184 exemplum.
379 1095 423 1165 ib
436 1096 554 1183 πόρταξ
564 1094 809 1182 ὑποκοριστικῶς
823 1099 963 1167 scholii.
977 1097 1016 1162 ad
1031 1098 1069 1163 m
1081 1096 1215 1162 111111

104 1199 181 1265 nihil
201 1198 300 1265 didert
320 1216 340 1263 a
359 1194 473 1283 πόρτις.
518 1192 645 1276 &boat
662 1198 747 1280 quod
760 1198 941 1264 Eustathius
956 1194 1052 1279 1729,
1075 1195 1126 1262 60.
1146 1210 1213 1259 cu

106 1294 211 1380 ὄοφαξ
232 1297 391 1362 contendit
413 1303 557 1379 tanquam
578 1295 811 1380 deminutivum,
832 1311 970 1378 cnunc,
992 1293 1083 1376 quod
1103 1308 1214 1375 suner-

106 1402 165 1479 est‚
185 1395 363 1460 testimonio
383 1410 449 1460 non
468 1394 581 1479 liquet,
608 1393 681 1476 quid
707 1395 826 1471 ualent3
856 1394 987 1458 altemm
1007 1407 1079 1456 uon
1098 1390 1215 1455 mueni-

107 1500 156 1559 tur
176 1493 237 1558 nisi
259 1491 441 1574 productum
462 1486 643 1575 ὀρφωιινης.
683 1491 766 1556 ldem
789 1490 878 1572 1091,
899 1491 949 1555 ut.
970 1489 1067 1571 plura
1088 1502 1214 1554 acene-

106 1591 161 1656 tim
175 1592 288 1673 promit
300 1587 426 1671 adorei,
446 1588 554 1674 μύιαξ,
574 1588 675 1668 tithei,
695 1588 797 1668 uidae,
817 1584 942 1665 medici,
964 1587 1084 1671 ιειμαξ,
1104 1584 1211 1669 uelud,

107 1688 165 1756 sed
185 1688 224 1753 de
245 1689 379 1769 quinquo
399 1688 555 1770 prioribus
573 1689 642 1769 ipse
664 1687 782 1752 dubitat
801 1702 841 1751 an
859 1687 974 1768 injuria
993 1686 1060 1750 huo
1079 1687 1212 1750 retemr-
1252 1648 1256 1775 Ι

108 1792 167 1869 tur,
187 1787 261 1867 quia
280 1786 433 1850 Homerus
454 1786 640 1850 deminution
659 1791 836 1868 aversetur,
874 1784 934 1848 duo
957 1799 1037 1848 roro
1060 1788 1212 1865 poserem

105 1883 167 1948 hoc
187 1899 315 1947 numero
339 1884 460 1948 excludi
479 1900 544 1948 non
563 1899 670 1966 posse.
710 1883 752 1947 nt
772 1880 876 1963 ιεῖμαξ
894 1897 1021 1963 quoquo
1044 1883 1152 1945 tritum
1169 1886 1217 1944 eet

107 1981 211 2064 poetis
231 1982 280 2064 iis,
302 1981 354 2062 qui
375 1982 414 2045 ab
435 1983 496 2046 hoo
516 1997 631 2063 genere
649 1980 831 2061 longissime
843 1979 1023 2061 abhorrent,
1046 1978 1211 2059 eodemque

106 2085 288 2160 argumento
311 2083 530 2145 exterminatur
550 2076 652 2162 βῶλαξ
671 2096 690 2142 a
710 2078 862 2142 Piersono
883 2076 922 2140 ud
943 2077 1044 2140 hioer.
1068 2075 1142 2141 tta
1160 2076 1212 2139 hut

106 2176 257 2258 relatum3
273 2176 367 2254 uidae
386 2194 518 2259 prorsus
539 2178 639 2242 omitti
659 2176 844 2258 oportebut3
868 2174 975 2257 μεῖραξ
995 2177 1109 2255 potius
1129 2174 1213 2239 temi-
1250 2220 1253 2229 .

106 2275 211 2340 uiuum
232 2281 282 2340 ast
302 2275 418 2339 exoleti
437 2276 571 2340 nominis
591 2275 686 2357 eicon
713 2274 816 2338 Nihilo
838 2275 938 2354 aptius
960 2272 998 2336 ad
1022 2271 1212 2354 probandum
1248 2246 1253 2347 Ι

109 2371 193 2455 quod
221 2373 324 2438 schot.
351 2373 476 2438 Lucian.
501 2372 570 2455 Jup.
599 2373 689 2454 trag.
718 2378 748 2447 ς.
770 2371 820 2436 53.
841 2372 928 2434 adort
949 2362 968 2432 ὁ
987 2365 1121 2452 edocet
1139 2362 1212 2434 ao

107 2464 255 2553 πορισμὸς
279 2471 338 2534 τοῦ
358 2471 530 2552 moerori,
558 2487 628 2534 uam
649 2471 752 2534 vilitas
771 2485 836 2532 uon
856 2471 888 2532 in
909 2468 1016 2549 specie
1039 2470 1149 2550 positu
1169 2472 1213 2531 est

108 2567 165 2634 sed
191 2569 225 2632 iu
248 2568 320 2648 ipsa
346 2567 570 2648 significatione
591 2570 734 2650 primitivi
754 2563 914 2649 (σύρφος).
954 2567 983 2630 h
1004 2567 1071 2646 μῦς
1092 2564 1213 2631 deriua-

107 2674 169 2731 tum
189 2660 271 2747 μύαξ
293 2683 360 2730 curn
381 2682 553 2746 synonymo
574 2667 705 2748 μυΐσκος
723 2667 847 2746 mitylus
870 2665 1014 2729 collatum
1034 2681 1065 2727 v.
1082 2664 1212 2729 Schnei-

108 2762 163 2829 der
183 2764 216 2827 iu
236 2763 299 2828 lud.
322 2764 440 2829 Sorbi.
461 2765 495 2829 R.
516 2782 545 2846 p.
567 2765 637 2831 253.
664 2765 841 2829 deminutiui
868 2764 977 2827 taciem
1004 2763 1135 2826 exhibet
1162 2759 1212 2824 sed

108 2861 298 2928 commodius
320 2862 614 2928 denominativorum
636 2863 674 2927 nd
695 2877 852 2926 numerum
873 2859 1079 2926 adscribetur.
1108 2859 1212 2938 Neque

106 2956 244 3039 πλούταξ
269 2962 506 3043 hypocorisnus
535 2968 584 3027 est
607 2961 666 3024 τοῦ
691 2954 839 3032 πλούσιος
865 2964 898 3021 ut
926 2959 957 3020 in
987 2955 1095 3021 Schoi.
1128 2956 1211 3019 Dion

108 3057 229 3139 [1857.
257 3057 386 3121 traditur
407 3056 462 3121 scd
491 3074 510 3121 a
530 3058 723 3125 substantivo
745 3056 929 3125 declinatum
949 3060 982 3119 ut
1003 3051 1133 3137 βόμαξ,
1160 3056 1212 3116 θα·
1247 3102 1252 3117 .

107 3146 207 3234 ιᾶμαξ
227 3159 259 3216 et
280 3161 385 3220 cetera
408 3157 501 3236 paulo
529 3162 601 3221 aute
627 3154 741 3237 relata,
773 3170 853 3236 quae
873 3153 1027 3218 sermonis
1050 3152 1167 3216 comici
1186 3157 1212 3215 et

107 3250 221 3333 plebeii
240 3251 364 3316 licentia
383 3253 468 3317 duait
488 3253 617 3317 notabili
635 3269 798 3318 mensurae
820 3252 1011 3329 discrimiue;
1043 3265 1119 3313 nam
1141 3248 1212 3314 bueo

105 3349 138 3412 iu
166 3346 319 3414 dccliuatu
345 3350 438 3431 alpha
464 3349 588 3431 longum
616 3350 745 3433 habent,
773 3350 826 3413 illa
852 3365 927 3413 uero
947 3364 1028 3429 quae
1050 3353 1211 3430 poctarum

107 3452 138 3510 et
158 3452 315 3510 oratorum
335 3448 444 3512 usibus
466 3453 539 3529 apta
558 3454 647 3531 sunt,
668 3448 762 3514 breue
783 3447 922 3526 exceptis
942 3445 1126 3509 nominibus
1148 3445 1211 3509 aui-

105 3544 268 3624 mautium;
288 3545 430 3625 interque
448 3541 555 3627 βώμαξ
574 3538 593 3607 ὁ
613 3541 790 3627 βωμολόχος
810 3551 842 3609 ot
862 3540 968 3626 βώμαξ
983 3541 1073 3606 arula
1087 3543 1133 3621 (si
1148 3542 1210 3624 quis

104 3639 166 3706 hoo
186 3657 263 3706 usus
292 3643 353 3721 est)
380 3647 496 3706 tautum
523 3643 620 3706 didert
647 3651 791 3724 quantum
817 3644 898 3706 inter
923 3636 1025 3723 φιύαξ
1052 3646 1085 3703 et
1115 3640 1209 3717 λιιαξ

104 3739 160 3805 illa
179 3740 335 3804 homiuum
357 3747 560 3821 cognomenta
580 3756 643 3803 non
664 3740 849 3804 deminutioa
870 3744 942 3804 sunt
957 3736 1013 3802 sed
1027 3738 1148 3802 similia
1159 3737 1209 3804 do-

105 3838 278 3920 miuutivis3
305 3838 382 3904 haec
402 3856 504 3903 rerum
524 3837 693 3921 uocabula,
715 3840 743 3903 si
766 3838 924 3903 advirum
946 3851 1150 3919 resecamus,
1175 3850 1208 3898 ue

105 3934 218 3999 similia
244 3936 365 4018 quidem
392 3935 448 4001 scd
475 3936 584 4001 codem
611 3936 682 4000 loco
712 3953 772 4017 quo
794 3938 919 3999 uomina
937 3937 968 3999 in
989 3920 1034 4007 αἶ
1055 3936 1207 3999 exeuntia

104 4026 170 4092 Nec
198 4046 270 4096 rara
296 4036 456 4115 utriusque
485 4035 707 4099 terminationis
732 4036 883 4098 contusio.
930 4033 1054 4097 Etenim
1082 4029 1207 4108 ψιαξιι

103 4125 178 4201 dioc
205 4127 378 4208 Hesychius
406 4133 626 4212 iuterpretatur
657 4148 719 4197 uuo
753 4131 922 4214 eodemque
949 4131 1076 4196 nomiuo
1106 4126 1205 4209 uado
1247 4162 1252 4235 Ι

1246 4244 1252 4293 ι
