2648 4756
193 339 244 403 DE
259 339 357 404 Nom.
376 338 539 417 QUORUM
553 338 666 404 CHAR.
681 338 757 405 EST
775 340 904 407 stetit.
927 343 959 409 C.
975 345 994 410 1.
1010 352 1040 421 §.
1054 347 1082 412 3.
1125 349 1187 416 ¹113

105 511 133 567 ut
162 503 284 568 urbium
313 505 436 568 neruine
467 510 519 568 eut
546 504 704 569 mulierum
724 501 865 589 Ἴνησσα,
895 504 1093 593 Μάρκηοσα,
1128 510 1187 578 Ἰά-

105 616 210 685 ιησοοι.

163 723 194 791 §.
210 715 241 780 3.
282 716 441 779 Nominum
456 700 571 791 ιιιῐοξ
582 721 757 784 exeuntium
772 721 831 783 trie
844 727 917 783 suut
930 736 1054 799 genera.
1077 723 1184 807 Unum,

105 818 169 895 ujus
192 816 256 877 iote
277 821 385 876 cetura
405 812 500 878 breve
522 822 570 879 est
591 833 650 882 uec
671 819 828 899 positione
851 817 1039 898 producitur,
1060 816 1186 898 κύτισος

105 907 258 993 ’,τάμιοος
285 910 323 974 uh
346 914 460 992 ignotis
482 915 593 993 etymis
615 922 700 997 ortu,
731 924 762 979 et
783 931 863 996 quae
883 916 1030 997 Alcipirro
1059 919 1145 984 fluxit
1165 941 1190 990 e

105 1016 181 1073 ituro
200 1010 375 1089 compositu
388 1006 609 1093 Χιάρολάπισος
629 1012 678 1076 tit.
692 1013 748 1094 Ep.
765 1012 814 1076 ot.
832 1008 1106 1098 Ῥογοσσράγγισος
1127 1019 1183 1100 Ep.

105 1108 125 1174 t.
160 1107 305 1173 Secundo
327 1110 522 1173 coutiueutur
543 1111 696 1174 vocabule
717 1113 748 1174 iu
769 1098 863 1191 ιοΤος,
886 1131 966 1195 quoe
987 1117 1103 1196 pariter
1121 1116 1184 1182 illis

105 1214 331 1288 ropuroxytouu
353 1215 439 1271 suut:
467 1203 674 1288 κυπάρισσος,
696 1205 877 1291 νάρκισσος,
899 1207 1070 1287 Μέλισσος·
1098 1227 1185 1297 ceop-

105 1305 200 1369 ελοτοι
217 1300 254 1369 τὸ
273 1302 440 1387 Τιλιιισσός
459 1307 530 1370 Arc.
550 1308 662 1388 quibus
678 1309 897 1388 Thecguostus
911 1309 959 1374 73.
977 1310 1083 1390 udJicit
1098 1307 1184 1395 Κάρ

105 1417 203 1487 tueor,
228 1401 397 1482 Πόλισσος,
416 1397 610 1485 Ἀρχεμισοός
628 1402 774 1487 ποταμός,
797 1408 967 1488 acqualiter
986 1408 1094 1489 ignote
1104 1410 1131 1451 ¹⁰
1151 1417 1183 1475 et

105 1519 173 1567 orro
201 1503 290 1584 udjici
319 1510 452 1583 possunt
482 1503 672 1568 Calamissus
699 1504 839 1568 Locridis
869 1504 1013 1586 oppidum
1034 1506 1110 1571 Pliu.
1134 1508 1180 1573 tt.

125 1599 186 1682 (t.)
207 1603 255 1665 cui
278 1600 378 1666 simile
399 1596 546 1682 Καλάμαι
565 1602 740 1667 Messeniae
760 1604 865 1686 uicus,
888 1600 1060 1684 ’Ἀμφισσος
1080 1606 1182 1686 Apol-

105 1699 147 1762 uis
167 1698 247 1763 iilius
269 1700 382 1762 Autcu.
403 1699 468 1763 Lib.
488 1717 514 1763 c.
537 1699 586 1764 32.
615 1717 727 1765 nomeu
756 1719 775 1766 u
805 1703 1038 1784 praepositione
1059 1701 1182 1767 ductum

105 1791 279 1879 ’,Ἄμφισσα
299 1792 353 1863 διὰ,
374 1792 411 1860 τὸ
432 1794 515 1878 ὄρεσι
535 1794 726 1880 περιέχεσθαι
746 1799 840 1881 Hurp.
864 1808 894 1864 ei
907 1795 1063 1879 Ἆπισσα,
1093 1799 1181 1866 ἔπισ-

105 1917 144 1974 ιι,
171 1891 324 1976 περισσός.
371 1897 512 1961 Ριίοιιιιιι
547 1898 635 1977 origo
662 1899 799 1961 nescitur
829 1897 885 1962 sed
914 1907 1062 1965 occentus
1093 1908 1182 1966 extre

106 2010 175 2057 eum
203 1996 326 2076 positus
354 2000 412 2059 est.
459 1995 504 2057 De
533 1996 624 2058 tertio
650 2010 765 2076 genere
792 1995 944 2060 Arcadius
973 1997 1081 2063 eodem
1108 2000 1179 2064 tcco

105 2085 155 2153 λα’
173 2086 370 2172 ἐκικεταμένον
390 2087 499 2173 ἔχοντα
518 2086 675 2170 ὀξύνεται,
698 2089 858 2175 Κηφισός,
883 2087 1005 2172 Ἰλισός,
1032 2093 1179 2176 κερὸισός.

105 2187 119 2250 'l
139 2183 173 2250 δέ
193 2211 222 2251 τι
234 2185 483 2273 βεβαροσόνηται,
503 2185 695 2273 παρώνυμον
715 2188 822 2274 ὤφθη,
844 2189 970 2272 άρκισος
987 2189 1108 2274 άραασα,
1128 2191 1181 2258 λά-

105 2298 163 2362 σος
194 2284 313 2368 λάρισοι.
363 2290 420 2352 iiic
451 2306 508 2369 pro
539 2285 678 2371 κεράισός
704 2290 925 2354 restituendum
953 2298 1003 2355 est
1029 2287 1181 2372 Κεᾱρισάς

105 2386 159 2451 ude
181 2387 338 2469 Κεάρίσιοι
359 2385 389 2450 ολ
412 2386 613 2452 Κυάωνιάται
633 2390 705 2454 Hes.
727 2391 765 2452 cs.
786 2390 922 2454 Hoccklu.
944 2391 975 2452 iu
990 2389 1082 2453 Creta
1102 2389 1124 2453 i.
1147 2390 1177 2454 5.

105 2494 185 2560 ‚ructa
213 2492 286 2550 suut
308 2482 467 2568 Ἅρκισος,
499 2485 583 2566 quod
610 2487 727 2551 Corues
756 2503 794 2550 ex
821 2486 898 2550 Plut.
921 2488 953 2550 V.
974 2489 1080 2569 Pelop.
1102 2488 1178 2552 xiii.

105 2584 218 2668 tetulit,
248 2592 279 2648 et
299 2580 444 2664 Ἅρκισα,
474 2584 529 2648 sed
558 2601 595 2648 ex
624 2586 825 2665 sequentibus
854 2582 1024 2667 Λάρισος11
1046 2581 1178 2666 Λάρισα,

105 2698 157 2745 rue
178 2683 355 2763 plerumque
382 2684 480 2762 sigma
508 2683 620 2764 dupier
641 2685 769 2765 habeut,
798 2687 943 2765 suspicor
962 2685 1047 2747 iilum
1068 2701 1179 2748 nomen

105 2781 162 2845 rbis
185 2783 340 2863 posuisse,
363 2781 445 2862 quod
466 2783 497 2843 iu
519 2781 607 2845 codd.
629 2777 1179 2863 uoouuliisTttuc.lV.128.”Apmoo

105 2880 224 2959 criptum
251 2887 300 2944 cst
327 2890 359 2943 ut
376 2877 505 2963 ”Appium
532 2881 565 2942 iu
592 2877 801 2959 compluribus
830 2875 1180 2957 lt.11.738.pro'‘Ap-

105 2991 177 3055 σσα,
200 2983 230 3042 et
252 2979 381 3058 proinde
404 2981 494 3042 etium
507 2973 650 3056 ’Ἆρνισος
672 2978 700 3038 ei
721 2984 826 3039 uotum
848 2977 945 3039 tuisse
966 2991 1079 3037 nomeu
1099 2974 1180 3038 tiuvii

117 3076 318 3156 Theognosto
339 3084 538 3140 memoratum
569 3075 587 3138 l.
610 3091 635 3137 o.
658 3074 710 3154 qui
732 3072 769 3136 de
792 3072 899 3136 eodem
921 3088 1034 3153 genere
1055 3091 1179 3138 mecro-

105 3175 304 3238 trclectorum
325 3177 504 3256 praecipere
521 3173 640 3237 videtur
662 3170 718 3237 seu
739 3171 887 3252 exemplis
901 3170 1002 3235 dubiis
1018 3179 1049 3234 et
1064 3189 1179 3237 uccen-

105 3275 159 3337 bus
182 3290 276 3355 saepe
297 3275 467 3353 peruersis:
490 3266 529 3334 τὰ
550 3268 602 3335 διά
621 3273 679 3335 τοῦ
700 3258 768 3345 ἰοῖς
787 3267 946 3352 βαρύτονά
965 3265 1059 3350 κύριά
1078 3267 1181 3334 τεκαὶ

105 3370 284 3454 ροςηγορικὰ
305 3367 357 3435 διὰ
377 3374 434 3436 τοῦ
453 3365 467 3434 ῖ
496 3366 669 3453 γράφονται
695 3364 838 3450 δηλονότι
864 3369 919 3448 τῆς
942 3364 1181 3449 παραάηγούσης

148 3653 192 3719 10)
211 3652 233 3706 Α
252 3652 408 3720 Hipponous
426 3666 477 3705 nou
496 3651 573 3718 iooge
591 3650 723 3720 discrepet
740 3646 900 3718 λλορμισσός
918 3643 994 3701 ιιόλιι
1011 3643 1102 3711 Steph.
1128 3658 1179 3697 cu-

106 3749 120 3790 s
139 3739 167 3788 iu
180 3736 331 3790 accentibus
345 3737 415 3789 uultu
426 3736 580 3800 auctoritem
600 3749 645 3801 pro
660 3732 791 3790 ιιόλισσσς
805 3733 914 3784 fortasse
929 3728 1060 3785 Βάλισσος
1077 3728 1181 3793 scripsit

105 3824 150 3875 urii
170 3835 264 3876 uomeu
283 3821 326 3876 rel
345 3817 475 3876 Βάλισσος
501 3817 588 3882 urbis,
612 3817 652 3870 vet
679 3820 761 3868 totum
785 3815 951 3882 depravatum
976 3816 1016 3865 est
1040 3823 1073 3863 ex
1095 3807 1179 3867 πόλις.

107 3925 123 3956 ν
149 3904 275 3972 Βορισσῷ
296 3904 450 3969 Philostorg.
472 3900 513 3955 lX.
534 3901 559 3966 9,
579 3899 636 3955 519.
656 3896 686 3948 ἓν
704 3900 828 3965 Βηρίσοιι·
846 3910 878 3950 ex
895 3894 993 3948 Basilio
1012 3890 1086 3947 affert
1101 3890 1177 3945 Diod.

122 3988 169 4042 Th.

147 4086 191 4153 11)
208 4084 325 4152 Λάρισος
340 4083 424 4137 strab.
443 4082 513 4136 Vlll.
533 4082 592 4139 387.
611 4076 745 4146 Λαρισσόι
762 4076 827 4130 Piut.
841 4075 869 4130 V.
884 4074 984 4144 Puitop.
1002 4073 1058 4130 VH.
1073 4079 1100 4132 ei
1116 4075 1178 4130 utibi

105 4169 213 4237 uictores
228 4182 252 4219 v.
270 4166 414 4223 Tzschuci.
434 4164 466 4221 ad
484 4162 567 4221 Strab.
587 4161 628 4218 IX.
649 4161 708 4218 649.
