2648 4756
180 345 245 412 cle
535 339 861 409 DISSERTATIO
896 338 947 407 XL

181 507 222 579 nt
242 505 370 573 candem
391 503 432 568 ob
454 520 580 570 eausam
607 507 749 586 praetere
775 500 911 586 Φρονιίς
929 503 984 568 δῖοι
1003 504 1038 571 11.
1059 504 1289 573 11111116-

181 606 254 671 nosi
276 621 362 670 nnnc
375 610 535 684 ,receptae
568 619 659 684 quam
688 602 882 668 Herodianus
908 602 1022 683 probat
1050 603 1107 668 sed
1132 621 1200 668 non
1226 607 1291 671 sine

182 702 406 767 haesitatione:
443 697 482 765 τὰ
503 702 546 776 είς
565 688 616 776 οὗ
630 736 672 748 -
691 694 850 778 ὀξύνεται·
871 695 974 775 οὕτως
995 690 1057 765 οὖν
1076 699 1130 765 καί
1146 704 1291 780 Φρονιίς·

181 793 271 882 εἰμὴ
293 795 372 879 ἄρα,
402 795 467 863 ἐπεὶ
486 796 598 882 κύριον
617 798 727 878 τοῦτο,
755 796 809 862 καὶ
834 796 1132 882 βαρυνονηθήσοται.
1176 801 1292 865 Etenim

182 896 258 963 nihil
279 912 394 960 causae
415 903 464 962 est
485 914 539 961 our
560 897 701 961 malimus
722 899 880 979 proprium
902 913 921 960 a
941 912 1006 961 non
1028 898 1162 980 proprio
1186 898 1292 964 distin-

181 1010 299 1077 gnero;
331 1011 411 1075 quae
430 997 585 1059 nominum
605 1010 722 1076 genere
740 995 772 1057 in
793 1000 924 1060 accentu
946 995 1041 1059 mutto
1064 997 1198 1078 saepius
1219 1013 1293 1062 eon·

123 1134 127 1141 -
182 1099 296 1175 mont
320 1108 412 1173 quam
439 1091 617 1174 discrepant
642 1111 671 1158 r.
698 1092 805 1158 Lohrs.
840 1091 878 1156 do
903 1093 1000 1156 Arist.
1026 1092 1099 1159 297.
1128 1111 1179 1176 sq.
1210 1112 1292 1177 qum

182 1190 384 1258 masculinum
406 1206 570 1254 secernere
597 1191 797 1272 uteminino‚
825 1206 955 1272 qnorum
976 1189 1141 1254 distinctio
1163 1190 1291 1273 legitima

183 1296 234 1356 est
253 1288 313 1372 nisi
334 1305 395 1370 qna
410 1287 574 1353 intercedit
595 1288 656 1351 alia
676 1290 767 1352 ratio.
810 1286 887 1352 Num
908 1276 1023 1369 δἸφις
1044 1294 1076 1353 et
1096 1283 1119 1371 ἡ
1136 1277 1216 1371 Ἰφις
1232 1290 1289 1352 tro-

183 1394 312 1452 nrotona
337 1393 410 1450 sunt
433 1388 505 1468 quia
526 1394 687 1467 utrumque
709 1385 893 1467 adjectivum
921 1391 987 1467 ost,
1017 1387 1094 1450 item
1123 1388 1291 1469 composite

183 1481 205 1568 ἡ
235 1479 408 1559 Νικόπολις
433 1485 512 1549 Plnt.
533 1486 569 1549 V.
599 1484 673 1550 Sull.
694 1484 731 1550 li
756 1478 778 1566 ἡ
799 1483 1003 1558 Νικαοίποίις
1029 1484 1124 1550 Paus,
1145 1486 1197 1551 nt
1217 1485 1292 1566 ’1,11

183 1577 206 1668 ἡ
232 1578 428 1665 Τουρόιιοίις
447 1583 470 1665 1,
490 1583 541 1665 te,
559 1584 588 1647 7.
609 1578 807 1665 Χρυσόθεμις
827 1589 885 1647 οίο.
916 1581 980 1647 Sed
998 1583 1058 1646 riri
1077 1599 1195 1647 nomen
1215 1584 1292 1648 scri·

183 1680 267 1747 bitur
286 1678 413 1762 Μύρτις
432 1679 510 1745 Plnt.
532 1679 657 1755 Quaest.
679 1679 729 1746 Gr.
750 1697 776 1746 c.
792 1681 842 1746 to.
865 1682 994 1746 deminae
1013 1675 1075 1765 τὴν
1093 1681 1293 1762 Μυρτίδοίο

184 1780 339 1847 Corinnae
359 1796 452 1842 vorsu
473 1785 507 1841 ut
534 1771 554 1859 ἡ
577 1778 722 1858 Κορωνίς
746 1778 803 1860 τῆς
823 1780 1020 1863 Κορωνίδος,
1049 1774 1071 1862 ἡ
1093 1781 1221 1860 Χίωρίς
1241 1780 1292 1862 τῆς

184 1877 345 1959 Χίορίδος
366 1876 651 1942 seruitutem.
674 1877 745 1944 Son.
765 1878 842 1944 Plat.
863 1880 967 1959 Symp.
980 1896 1010 1960 p.
1022 1877 1096 1944 376.
1120 1878 1194 1944 Son.
1211 1878 1292 1943 Pind

183 1978 217 2043 P.
237 1977 286 2041 tv.
308 1974 379 2040 306.
402 1974 474 2038 son.
497 1974 598 2056 Apoll.
619 1975 642 2040 1.
665 1975 733 2042 156.
753 1977 826 2057 Lye.
845 1976 917 2043 881.
943 1971 1003 2059 τὴν
1022 1975 1174 2059 dorcada
1193 1976 1291 2058 Apot-

182 2072 245 2141 iod
266 2072 337 2156 19,
358 2071 387 2137 9.
418 2073 520 2137 Tuotz.
549 2071 624 2137 coil.
646 2073 693 2136 tt.
720 2090 749 2139 r.
777 2073 848 2139 422.
897 2075 996 2138 Aliter
1022 2092 1100 2139 vcro
1127 2075 1291 2155 isosyltatti

181 2173 370 2239 nominativo
398 2172 564 2235 accusativi
579 2165 707 2234 Σκύθιν
726 2188 775 2254 ap.
795 2172 1027 2255 dersctrinem,⁴ti
1049 2168 1182 2254 Μύριοι
1202 2174 1290 2238 dnttn

170 2271 306 2339 .1x.2c.
334 2265 483 2350 Κόρωνιν
509 2270 541 2332 in
561 2268 689 2359 Hesiodi
709 2287 818 2353 vorsu,
847 2272 972 2351 Χλῶριν
1000 2269 1091 2334 Diod.
1114 2272 1162 2336 lv,
1183 2272 1237 2339 86.
1262 2278 1290 2335 et

183 2371 216 2435 in
245 2369 345 2434 tribus
377 2367 551 2431 Pausaniae
583 2368 678 2450 locis,
717 2376 847 2450 propter
879 2385 958 2450 quos
987 2368 1174 2433 Sicbolisius
1201 2370 1289 2434 etinn

183 2466 312 2550 primum
334 2481 439 2530 casnm
461 2465 582 2545 Χλῶρις
606 2467 732 2546 scripsit
751 2468 786 2529 V.
811 2465 860 2549 16,
881 2466 910 2530 3.
938 2467 990 2530 ubi
1008 2467 1079 2529 iibri
1102 2467 1289 2549 discrepant

183 2563 240 2630 sed
259 2564 389 2644 injuria3
416 2579 485 2625 nam
506 2563 628 2645 Ximptc
648 2564 843 2629 scribendum
865 2572 897 2628 ut
919 2567 1069 2643 Γίοιυκίς,
1100 2578 1207 2647 neque
1236 2584 1288 2630 er·

183 2660 375 2728 timescenda
395 2664 605 2740 synemptosis
627 2663 804 2745 appellativi
829 2666 954 2744 χίωρίς,
982 2682 1052 2727 uam
1074 2672 1104 2727 et
1129 2667 1285 2746 Λυκαινίς,

182 2761 358 2835 Χείιδονίς,
389 2775 453 2822 non
478 2759 569 2822 alium
590 2776 679 2839 quam
701 2761 873 2825 animalium
895 2764 1019 2826 nomina
1039 2761 1153 2826 habent
1175 2781 1287 2827 accen-

185 2874 263 2945 tum,
291 2859 434 2942 quodque
455 2859 656 2923 Buttmanuus
686 2856 723 2920 ad
746 2858 817 2922 sch.
840 2859 894 2924 0d.
914 2862 962 2924 XI.
983 2861 1052 2926 281.
1082 2877 1124 2923 err
1144 2861 1286 2942 Apollod

181 2962 232 3029 111.
253 2961 282 3043 5,
303 2959 331 3024 6.
360 2959 446 3022 affert
467 2959 603 3039 Χλῶρις,
633 2956 704 3019 otim
731 2963 891 3035 oxytonon
914 2960 1010 3022 tuisse
1039 2958 1178 3022 ostendit
1202 2959 1286 3023 codi-

182 3074 250 3122 cum
273 3057 405 3118 omnium
427 3056 577 3135 scripturo
595 3055 695 3134 χωρίς.
710 3054 787 3146 §ed
803 3055 1004 3137 interruptum
1020 3073 1200 3120 sermonem
1217 3075 1286 3137 per-

182 3163 290 3220 texam.
311 3154 339 3215 A
352 3152 530 3215 masculinis
545 3155 636 3232 igitur
648 3153 679 3216 in
700 3173 749 3225 ιας
770 3152 815 3231 (οί
827 3140 893 3234 ἑοῖς)
908 3155 1091 3217 exeuntibus
1105 3156 1286 3236 contingunt

181 3252 310 3334 primum
319 3250 531 3329 patronymica
544 3257 574 3313 et
587 3251 807 3331 patronymicis
822 3252 992 3314 assimilata
1000 3248 1170 3333 Βορεάδης,
1179 3249 1286 3316 Αίνεοί-

181 3349 238 3432 δης
258 3348 303 3429 (εί
324 3343 490 3429 Αίνειώνη)
508 3340 707 3430 Ἇμυνιάδης,
724 3342 898 3431 Ἀρχιάδης,
922 3347 1094 3433 Λυδιάδης,
1118 3348 1285 3433 Metricos,

176 3443 370 3530 Ὀθρυάδης,
402 3441 579 3528 Πραξιάδης
607 3446 751 3510 Themist.
782 3447 832 3511 Or.
859 3446 961 3510 xxvi.
989 3446 1059 3512 311.
1082 3447 1116 3512 C.
1145 3449 1284 3513 secundo

180 3548 283 3628 topica
308 3537 488 3628 Ἀργεώῑηί,
525 3538 697 3626 Νικιώτης,
731 3539 908 3625 Χαιρεώτης
935 3543 1079 3625 Steple⁴⁷
1107 3548 1284 3631 topicisque

179 3645 279 3712 simile
298 3645 437 3729 βορεῆτις
464 3644 530 3708 sive
551 3643 703 3725 deperiere.
754 3641 856 3707 Tertio
879 3642 1063 3707 deminutiva
1082 3645 1214 3726 κοχλίας
1234 3668 1285 3710 κο-

247 3928 293 3994 to)
317 3926 347 3980 V.
373 3925 405 3981 ud
429 3924 522 3979 Buttm.
547 3939 574 3993 p.
598 3924 656 3982 426.
675 3923 721 3979 ubi
747 3937 799 3978 non
823 3929 895 3982 recte
920 3927 1043 3994 scriptum
1060 3927 1138 3985 Γίιις
1157 3936 1186 3981 et
1201 3928 1283 3986 Σάιος

44 3998 47 4003 “
178 3992 242 4045 enei
261 3992 403 4060 Stephanus
420 4006 467 4060 pro
484 3992 538 4059 bey.

244 4075 291 4140 di)
316 4074 390 4130 Idem
410 4075 503 4143 Ἀδρία
522 4104 552 4115 -
577 4071 591 4126 ὁ
615 4073 722 4138 πολίτης
739 4075 785 4126 καί
803 4071 934 4144 πάροικος
953 4072 1095 4144 Ἀδριανός
1110 4073 1146 4134 ὡς
1163 4076 1284 4135 Ἀοιονός

176 4156 224 4207 καί
237 4151 385 4224 Ἀδριιὲιρς.
