2648 4756
158 288 233 353 aa
503 276 828 345 utssrnrnnnu
856 276 936 347 vnn

160 454 281 515 onissn
310 450 377 509 iota
403 443 487 526 quod
515 443 629 525 prona
656 441 829 507 leinckius
854 440 1264 509 annuntiantem.

162 550 278 613 Sinnilts
301 562 397 607 causa
418 556 464 605 est
488 542 632 621 adjectitu'
653 537 785 618 πρωιζός
804 551 835 606 11
855 538 977 628 ιρῳξός
1004 541 1072 607 siro
1098 534 1219 623 κρωζὸς
1238 558 1266 604 u.

162 645 327 722 fineatling.
349 643 386 704 dr
407 648 483 704 Aac
509 640 581 704 aaa
608 638 732 719 quoda
760 642 996 721 praepositione
1023 638 1193 703 derivatum
1220 644 1265 702 est

162 760 232 805 cun
253 744 353 803 ectasi
373 743 493 805 reculis
515 752 546 803 ut
566 734 716 817 ιρώιμος,
736 736 925 819 marmor,
947 736 1092 803 sednon
1113 739 1267 816 napsin-

164 841 259 903 ulcrit
281 858 372 920 quarn
394 838 478 919 quad
499 838 528 899 ei
549 855 607 916 pro
622 836 763 918 eretnplo
782 832 961 919 luitpdrgdc
982 835 1265 900 Peculiariterrero

164 948 340 1001 catenarum
365 940 483 1001 urltiurn
508 935 685 998 nominihus
713 936 792 1000 liaeo
827 937 1002 1001 terminatio
1038 934 1190 997 attributa
1224 942 1267 999 est

165 1033 303 1117 Σοζμιςος
329 1038 493 1099 ,armeniae
520 1034 675 1097 Ptolenn¹
713 1031 867 1113 Τιῃόὸιζα
896 1035 1045 1099 Thraciae
1074 1032 1190 1099 llerod
1214 1035 1269 1099 tiit

165 1134 217 1199 25.
241 1132 356 1209 Bridrssn
376 1151 439 1195 nnn
460 1134 638 1197 Britanniae
660 1142 692 1195 ut
713 1134 745 1196 in
767 1134 858 1196 Thes.
881 1133 992 1196 dicitur
1012 1130 1070 1195 sed
1088 1131 1268 1197 Bruttiorum

165 1252 195 1297 r.
229 1232 478 1297 Scirueiulnaues.
513 1229 552 1293 ad
583 1230 692 1309 Polyb.
720 1230 797 1295 xiil.
827 1230 875 1295 lt).
908 1232 1012 1308 Traga
1044 1229 1269 1311 Paphlagoniae

166 1332 274 1411 sapa
293 1328 384 1403 ,ὡς
406 1330 576 1402 meaa
595 1321 756 1409 111111νὴ
777 1329 839 1391 aar
862 1324 1011 1405 narare«
1032 1329 1269 1396 3111111111
1312 1318 1314 1323 ’

165 1430 238 1497 233.
259 1447 317 1511 pro
338 1446 401 1509 quo
430 1423 562 1503 Βόπιζα
589 1428 738 1506 scripturn
766 1434 817 1489 est
847 1428 878 1489 in
907 1426 1012 1489 Senot
1039 1426 1115 1491 Eur.
1140 1427 1271 1492 Phoenn

166 1526 239 1593 est.
280 1529 366 1591 lianc
388 1525 427 1590 ad
450 1524 677 1589 similitudinem
699 1524 803 1602 lingna
824 1526 855 1587 in
883 1526 1002 1588 senium
1029 1541 1165 1605 uergens
1191 1527 1272 1591 linxit

167 1626 371 1708 appellativa:
393 1624 493 1703 Kalpia
512 1663 553 1675 —
579 1618 617 1685 τὸ
645 1618 679 1683 de
704 1617 811 1703 κόριζα
838 1618 996 1686 ἰδιωτικόν
1023 1623 1130 1688 Tho..
1162 1642 1203 1689 cx
1225 1646 1273 1691 tto·

166 1726 257 1802 piane
278 1732 379 1784 orturn
400 1740 428 1783 v.
451 1722 570 1783 Coraes
592 1719 751 1784 Prodrorn.
782 1723 861 1786 Bibl
890 1722 961 1786 etl.
991 1738 1071 1802 quae
1100 1725 1271 1789 terminatio

169 1827 282 1900 postea
304 1820 335 1881 iu
357 1818 612 1883 deminutivornm
635 1822 872 1898 possessionem
892 1821 1006 1901 cessit,
1028 1814 1154 1899 aprino
1182 1828 1275 1885 mutor

165 1918 294 1999 μανίτζα
315 1918 497 1998 matercula,
517 1919 661 1997 βρυσίτζα
683 1916 868 1999 fonticulus,
894 1918 1029 1998 apologo
1054 1919 1274 1999 mortariolum,

167 2017 321 2095 suppingo
343 2017 413 2079 lelis
435 2019 502 2080 sive
523 2015 673 2098 mustela,
701 2033 780 2096 quae
802 2016 841 2079 ab
863 2017 949 2079 italis
968 2016 1112 2080 similiter
1133 2017 1275 2100 donnola,

169 2112 351 2179 donnoletta
373 2122 510 2196 vocatur,
531 2133 550 2176 a
570 2112 666 2195 peppo
685 2116 772 2194 ringo
793 2115 931 2195 βεωνίτζα
953 2122 1011 2178 111.
1063 2114 1201 2189 Quorum
1223 2134 1275 2181 se-

168 2214 251 2281 tttina
272 2213 380 2276 nescio
402 2230 442 2276 an
463 2214 495 2275 in
515 2212 657 2279 dialectis
679 2212 828 2277 Graeciae
851 2213 968 2277 veteris
988 2212 1171 2292 vulgaribus
1198 2216 1276 2280 deli·

170 2318 301 2374 tescant.
350 2312 427 2373 lline
451 2319 498 2373 est
522 2312 658 2373 lortasse
687 2310 770 2389 quod
798 2311 977 2373 Athenaeus
1008 2312 1086 2374 inter
1116 2330 1275 2379 servarunt

170 2412 294 2472 nemina
315 2409 537 2487 glossematica
558 2409 644 2471 allert
675 2408 795 2488 βολίτζη
823 2426 879 2489 pro
910 2405 1008 2491 δούλη
1034 2409 1118 2473 delta
1146 2413 1179 2474 in
1207 2414 1275 2478 beta

170 2516 288 2570 mutate
312 2515 344 2568 ut
375 2502 502 2587 Baipdc.
545 2506 583 2567 Et
613 2506 728 2569 Plinius
750 2506 852 2569 XXIV.
877 2506 924 2588 10,
946 2506 995 2570 tlt.
1016 2508 1155 2585 raprrlts
1184 2530 1276 2592 pocot

172 2605 229 2666 olii
261 2607 408 2681 rirprizuo
436 2603 664 2681 (srayrrlnizarn)
693 2609 817 2668 cocant.
866 2606 1067 2669 Beminutivis
1096 2607 1159 2671 illis
1192 2619 1275 2674 aetas

171 2701 304 2765 bathara
326 2700 509 2781 adaequarit
531 2698 684 2779 adjectiva
704 2698 929 2783 λαφροὺτζικος
949 2705 1089 2786 letenna,
1105 2703 1277 2785 νεούεζικος

168 2798 362 2880 juvenculus
384 2793 581 2873 καλούτζικος
602 2799 783 2883 pulchellus,
802 2798 1035 2882 γλυκούτζικος,
1062 2796 1275 2884 deportatione

173 2899 278 2964 Tertia
305 2897 469 2961 declinatio
499 2896 573 2957 nillil
601 2899 721 2960 confert
750 2908 873 2979 praeter
904 2900 1079 2963 obsoletum
1107 2896 1220 2981 ὀλίζων
1247 2914 1276 2970 11

173 2999 302 3075 propria
322 2994 472 3075 quaedam
490 2987 628 3073 Ὀλιζών,
654 2994 764 3073 Τίριζις
785 2992 866 3079 ἄκρα
887 2999 989 3063 Strab.
1004 3000 1066 3062 llll.
1079 2999 1150 3064 3111.
1171 3005 1275 3083 Aeque

174 3092 330 3169 singulare
353 3097 400 3153 est
422 3088 530 3167 ἄοζος,
561 3098 649 3171 eujus
672 3100 795 3171 etymon
816 3098 971 3176 ignotam,
1000 3098 1126 3175 speeies
1149 3110 1277 3182 apparet

172 3189 206 3253 in
227 3182 364 3264 Λόκοζος
384 3188 451 3251 sive
472 3184 612 3265 Λάκοζος
634 3191 718 3254 urbis
740 3191 890 3271 Phrygiae
911 3195 1043 3257 nemine.
1085 3195 1179 3260 Plura
1207 3218 1276 3268 1111

174 3287 276 3366 ypsilo
300 3287 445 3351 distincta
467 3293 548 3367 suat,
570 3303 627 3353 nec
649 3288 749 3354 solunt
772 3293 899 3371 propria
920 3298 951 3355 et
969 3293 1102 3374 exotica,
1124 3292 1278 3378 Κρόβυζοι

175 3402 252 3466 gens
275 3387 434 3465 Thraciae,
454 3379 639 3466 Μεγάβυζος
660 3393 690 3449 11
718 3383 860 3468 Λάβυζος
890 3391 1019 3453 eunuchi
1048 3390 1175 3458 Ctesias
1196 3397 1278 3463 Phor.

176 3502 205 3565 p.
227 3485 276 3547 55.
300 3484 351 3547 ubi
372 3483 530 3547 Bellienus
549 3479 692 3564 Λάβυξος
715 3484 818 3568 edidit,
836 3482 987 3570 Ἀράβυζα
1008 3495 1038 3552 11
1051 3486 1279 3569 Βόρυζαιιτὺθε

176 3582 508 3663 11111111,Δακίβυζα
537 3581 657 3663 (orniss.
678 3582 709 3644 in
738 3584 806 3661 Tit.)
836 3585 945 3666 Georg.
973 3590 1086 3667 Acrop.
1113 3593 1225 3657 llnual.
1255 3611 1279 3659 1.

177 3681 226 3745 37.
251 3699 278 3760 p.
300 3680 403 3744 3213.
434 3678 490 3742 sed
520 3680 611 3742 etiarn
647 3679 832 3761 appellativa
859 3700 986 3748 nurnero
1016 3686 1105 3766 plura
1133 3707 1225 3769 quarn
1252 3694 1280 3757 in

179 3780 292 3843 ceteris
317 3778 477 3840 vocalibus
500 3783 531 3839 et
552 3777 583 3839 in
604 3794 663 3841 usu
684 3780 781 3858 tnagis
811 3781 995 3867 inueterata,
1024 3781 1177 3867 κράβυζος
1205 3809 1282 3859 eon-

177 3922 470 3939 m

248 4000 275 4063 l)
293 3999 418 4054 Thraciae
444 4013 517 4055 nuans
542 3996 719 4068 ,1111111111
744 4003 865 4071 Μηρισός
889 4020 912 4057 1.
937 4007 1086 4078 Bernhardy
1109 4013 1143 4067 nd
1167 4015 1242 4069 Suld.
1259 4030 1281 4070 s.

179 4078 292 4135 Καιάϊέ.
