2648 4756
105 309 154 378 68
466 302 791 373 nlssnlttltrto
825 305 849 370 l.

106 476 177 541 lius
197 472 246 537 rel
266 472 330 536 Leo
352 470 527 553 appellatus
549 477 613 553 cst,
635 487 673 535 er
695 469 798 550 aliqua
818 465 1021 533 similitudine
1040 466 1089 530 itu
1109 468 1210 549 appel-

106 573 202 636 latum
223 587 306 636 esse.
348 570 412 636 Sed
439 571 518 634 baec
544 570 576 632 in
597 568 772 632 bominibus
794 573 861 630 totu
882 565 1044 647 extabuit,
1073 566 1109 629 in
1129 566 1205 630 loco-

107 686 174 735 rum
207 670 383 734 nominibus
412 669 598 732 obscuratur
624 684 680 748 per
706 665 835 746 modus.
882 664 1008 729 Etenim
1026 664 1066 741 ‚si
1096 670 1203 729 torrens

106 767 244 847 Acbajac
265 767 315 831 vel
335 767 492 848 Argolicis
515 768 595 829 tama
615 771 710 828 notus
733 764 898 845 praecipue
922 756 1096 843 Χάοοΰοος
1115 763 1209 829 nomi-

108 873 209 948 nntur,
230 867 259 930 si
272 866 447 930 Laconicae
463 865 550 945 regio
570 865 718 945 palustris
739 864 856 944 Alpem
868 863 936 925 sive
948 864 1077 945 Αἴμου,
1096 864 1128 926 si
1145 863 1211 927 loca

107 964 192 1028 l’olei
213 981 386 1028 cnvemosa
402 955 515 1040 Ίκνοί,
544 979 641 1026 causa
660 961 881 1026 nominationis
901 976 965 1024 non
988 959 1076 1023 clara
1095 960 1212 1042 quidem

108 1063 164 1128 scd
190 1065 356 1128 interlucet
384 1068 493 1124 mmon.
541 1060 575 1124 si
603 1077 679 1124 raro
701 1061 808 1123 alveus
830 1074 912 1138 aqua
932 1056 1080 1124 deiectus
1101 1067 1133 1123 at
1150 1061 1209 1122 cir-

109 1179 177 1225 cum
198 1161 270 1226 loca
290 1176 403 1224 nomen
424 1154 589 1240 Χάραδρος
608 1159 752 1240 retinent,
776 1159 804 1221 si
823 1157 1014 1220 Athenarum
1035 1157 1209 1222 suburbium

110 1261 241 1341 Atprvut,
270 1260 297 1323 si
319 1258 425 1338 locus,
462 1256 513 1320 ubi
540 1254 695 1336 quondam
724 1255 936 1319 arundinetum
957 1255 1031 1338 init,
1059 1253 1210 1338 Κάλᾳοι,

108 1358 161 1422 ubi
182 1358 283 1440 palus,
294 1351 388 1428 Ἕλος
408 1361 440 1418 et
460 1354 600 1418 similiter
622 1353 743 1436 Castra,
766 1354 942 1436 tabernae,
968 1352 1105 1438 Forum,
1126 1356 1209 1420 icia-

108 1456 206 1537 brum,
231 1455 259 1518 si
282 1452 400 1516 titulum
422 1453 592 1532 antiquitus
613 1457 774 1532 acceptum
787 1454 968 1515 continuant
981 1452 1208 1519 rationaamis·

110 1570 156 1636 sa,
178 1559 242 1616 tum
259 1550 344 1634 quod
362 1549 428 1631 luit
441 1552 527 1628 unte,
546 1551 632 1629 perit
649 1556 680 1612 et
696 1566 734 1613 en
748 1550 880 1613 naturali
900 1551 932 1612 it
949 1550 1211 1630 impositicinm²⁰

108 1651 191 1715 idom
217 1649 301 1713 valet
328 1648 367 1712 tle
394 1647 548 1710 bominum
577 1646 761 1712 nominibus.
807 1650 837 1713 A
863 1648 1019 1728 primitivo
1047 1643 1136 1726 ἅλιος
1155 1667 1210 1715 mo

110 1748 201 1828 qnasi
222 1744 319 1826 modu
340 1744 436 1808 distat
447 1741 552 1818 ’Ἅλιος
564 1744 699 1824 Neptuni
713 1761 886 1824 cognomen
900 1743 993 1808 ltntb.
1007 1745 1097 1812 Plan
1108 1748 1209 1815 nili.

110 1843 242 1926 quodsi
265 1860 322 1924 pro
342 1844 470 1923 proprio
493 1843 626 1923 ponitur,
654 1845 883 1921 pronominatio
904 1850 970 1922 cst;
992 1841 1118 1910 (luobus
1133 1841 1212 1911 Ἀλ1ο

109 1940 253 2008 Nereidis
280 1955 392 2003 nomen
421 1942 578 2020 proprium
605 1933 691 2020 παρὰ
715 1934 775 2022 τὴν
801 1936 862 2003 ito
889 1941 960 2004 Scb
985 1941 1022 2006 ll.
1042 1943 1148 2009 xviii
1164 1946 1208 2010 40.

110 2041 149 2104 ol.
169 2038 277 2102 Lebrs.
296 2037 335 2101 de
356 2038 451 2102 Arist.
474 2036 545 2101 274.
575 2037 673 2100 tribus
692 2033 797 2113 ’Ἅλιος
816 2039 1070 2118 andronymicum
1091 2041 1210 2106 cuilibet

110 2142 225 2217 aptum.
259 2135 341 2199 idem
360 2137 452 2199 etiam
474 2133 512 2198 de
534 2133 747 2200 substantivis.
787 2132 907 2215 Αὶετός,
924 2132 1032 2217 Ἱέραξ,
1055 2135 1212 2222 Κέρωνος

110 2249 216 2314 regum
239 2249 392 2314 eponymn
413 2233 508 2316 luere,
527 2227 638 2309 'imos
657 2234 860 2315 Hermogenis
882 2237 1022 2300 cursoris
1044 2237 1138 2304 Pans.
1157 2240 1209 2304 vll

112 2331 160 2400 15.
187 2333 395 2414 parasitorum
424 2325 582 2412 Κάραβος,
609 2326 763 2413 Κόρυδος.
804 2333 888 2398 lineo
916 2334 1116 2414 appellativis
1142 2355 1214 2419 prc-

109 2432 209 2511 ximn,
242 2430 366 2508 longius
400 2445 475 2492 vero
511 2429 666 2509 disjuncta
695 2437 767 2493 sunt
797 2433 924 2512 propria
947 2428 1073 2514 Ἵππος,
1112 2429 1212 2516 Ἱέραξ,

112 2531 228 2607 Χοῖρος
254 2525 366 2589 llercd.
393 2526 548 2592 viltro.
577 2534 608 2591 ct
635 2529 667 2591 in
685 2528 781 2593 lusor.
809 2529 923 2593 'ibasia
949 2530 1043 2612 corp.
1064 2533 1160 2598 lnscr.
1184 2551 1212 2599 n.

111 2623 203 2688 2161.
225 2638 305 2702 quae
326 2639 418 2703 quum
439 2626 640 2707 proterimus,
674 2625 759 2688 nulla
785 2628 900 2707 primae
919 2628 1132 2709 impositionis
1151 2650 1214 2698 me-

111 2721 210 2785 moria
229 2721 322 2785 subit.

194 2859 226 2928 ς.
248 2852 277 2918 5.
322 2851 488 2917 illustrium
519 2856 900 2937 parasitorumeponymn
922 2860 1089 2924 connexuit
1110 2861 1212 2927 Alexis

111 2951 229 3032 Fragor
251 2968 280 3032 p.
301 2951 371 3018 161.
392 2950 460 3017 Vol.
480 2952 530 3017 ill.

278 3081 403 3163 controv
421 3077 479 3164 μὲν
499 3071 541 3166 ἦν
559 3097 609 3148 σοι
632 3080 836 3167 Καλλιμέδων
856 3082 874 3150 ὅ
895 3081 1053 3169 dettssoe,

277 3174 378 3242 ἔπειτα
401 3177 558 3263 Κόρυδος,
580 3184 725 3266 Κωβίων,
748 3185 929 3269 Κυθηβίωνν

280 3267 299 3337 l
318 3274 501 3361 Σκόμβρος,
527 3273 547 3363 ἡ
568 3280 779 3364 Malieon

113 3421 243 3488 quorum
264 3407 413 3475 nonnulla
431 3411 553 3492 integra
566 3411 754 3494 appellativa
768 3420 851 3498 sunt,
873 3413 934 3476 alia
947 3413 986 3478 ab
1000 3414 1051 3480 bis
1065 3414 1214 3495 derivata3

177 3685 224 3753 20)
251 3687 522 3758 amcam,
544 3706 609 3760 quoe
632 3692 760 3746 atxuoae
781 3694 1216 3762 curatque-samuelis

113 3768 219 3819 raim
236 3775 260 3820 et
283 3771 397 3839 Ftrpulttl
417 3770 488 3827 Vm.
511 3772 541 3829 l..
554 3772 584 3828 L.
604 3773 634 3829 V.
652 3776 694 3832 12.
712 3776 926 3846 Παρακολοοθεῖ
947 3783 1004 3834 τοῖς
1020 3773 1128 3847 ἐτύμως
1154 3775 1214 3844 πρό·

113 3865 192 3917 τερον
209 3849 367 3919 λεγομένοις
389 3852 443 3906 ἀπὸ
467 3854 515 3907 τοῦ
531 3855 732 3925 συμβεβηκότος
754 3858 870 3916 τοπικοῖς
890 3856 941 3910 νῦν
964 3857 1003 3926 μὴ
1024 3858 1159 3928 λέγεσθαι
1175 3876 1213 3910 ro·

112 3929 198 3988 ποιοῖς
213 3930 297 3987 Strab.
317 3933 359 3988 lx.
378 3936 436 3993 loll.

178 4028 225 4096 21)
252 4029 298 4086 llis
321 4033 418 4087 similia
439 4041 499 4090 sunt
524 4052 667 4106 coquorum
693 4044 720 4093 et
736 4038 863 4093 laniorum
876 4038 1011 4095 beliorum
1029 4043 1138 4097 nomina
1154 4043 1212 4094 uot-

110 4128 194 4182 ρακος
212 4112 354 4182 (Porcius),
369 4114 473 4181 Ἀμνός,
492 4117 631 4188 trinepos,
649 4124 740 4191 Maris
756 4121 818 4177 lttl.
840 4122 883 4178 lt.
900 4123 956 4180 il&
973 4122 1006 4178 Α.
