2648 4756
165 329 188 395 d
530 326 852 436 nlsstsnrnrlo
887 327 909 392 l.

168 512 228 577 que
249 489 359 575 κόχλος
372 489 518 576 -κάλχη
541 493 644 557 Schol.
665 493 704 556 ad
721 493 816 574 soph.
832 495 902 556 lint.
918 491 990 556 20.¹
1010 487 1164 574 μόρος-
1176 495 1271 574 μοῖρα,

168 589 322 675 otva—
337 587 488 672 κρουνὸς,
516 585 705 673 ὃννννός-
719 587 854 674 ceant,
882 595 1172 672 τοῖχον-νεῖκος,
1206 587 1273 672 θον

168 693 413 774 νος-θρῆνος,
435 691 485 754 vel
502 692 593 753 etiam
608 690 805 755 incrementis
819 692 960 756 finalibus
973 684 1109 772 γλαυκός
1123 724 1167 735 -
1181 693 1269 754 stae

170 793 239 865 νίας
254 829 294 837 -
310 790 473 855 [lunatum
490 826 531 834 —
547 784 723 870 Γλαυκέτης
737 792 992 870 -γλαυκίσκος,
1017 785 1134 870 ἐρῆμος
1155 825 1192 834 -
1214 786 1274 872 ἔρῃ·
1321 782 1323 847 l

170 897 277 974 μαῖος,
303 887 421 973 τυφλός
437 926 476 935 -
492 891 655 970 cepticos,
677 886 774 966 ῥόπτω
795 925 835 934 -
856 885 990 968 ριπτάζω
1012 894 1086 968 eto,
1119 895 1274 969 postremo

173 991 330 1072 prosthesi
362 998 392 1054 et
421 988 592 1069 aphaeresi.
653 986 741 1062 Quod
776 988 803 1050 si
837 989 1012 1068 quaerimus
1046 1004 1108 1067 quo
1149 987 1273 1050 consilio

174 1090 282 1154 Graeci
303 1096 348 1151 tot
364 1096 485 1166 tamque
502 1087 603 1148 varias
621 1085 841 1148 vocabulorum
862 1088 986 1166 species
1006 1088 1194 1169 invexerint,
1213 1104 1277 1149 ma-

172 1189 317 1251 nifestum
346 1193 395 1250 est
423 1186 501 1248 alias
529 1186 727 1247 necessitatis
749 1200 845 1247 causa
865 1184 1058 1248 introductas
1080 1201 1176 1268 esse,
1207 1185 1274 1249 alies

175 1285 402 1350 commoditatis
424 1293 454 1348 et
480 1284 659 1363 elegantiae.
691 1283 768 1346 Nam
790 1298 882 1363 quum
903 1284 1035 1346 inventis
1056 1299 1164 1348 rerum
1186 1301 1274 1350 voca·

175 1385 255 1448 bulis
282 1384 504 1463 principalibus
532 1398 663 1446 necesse
691 1388 777 1445 esset
805 1398 910 1444 earum
937 1398 1038 1444 rerum
1062 1386 1274 1463 cognationes,

176 1483 405 1563 similitudines,
432 1481 619 1545 differentias
646 1482 781 1561 propriis
811 1479 957 1558 distingui
983 1481 1081 1562 notis,
1111 1481 1145 1545 id
1168 1499 1277 1546 conse-

175 1582 260 1663 quuti
288 1585 361 1642 sunt
388 1582 482 1643 variis
503 1580 565 1642 illis
587 1582 674 1642 vocis
696 1580 868 1659 primitivae
890 1577 1035 1657 denibus3
1070 1587 1101 1642 et
1124 1581 1179 1644 ubi
1200 1580 1281 1643 nullu

175 1679 373 1743 distinctione
403 1696 482 1759 opus
509 1685 592 1759 erat,
623 1684 724 1741 tamen
753 1679 903 1740 orationis
930 1677 1099 1740 comendae
1125 1695 1225 1742 cansa
1252 1685 1282 1743 et

176 1795 215 1841 ne
243 1778 346 1839 omnia
373 1777 412 1838 ud
440 1793 530 1840 unum
554 1779 681 1840 sormam
703 1776 856 1856 dicerent,
886 1793 982 1856 saepe
1002 1776 1123 1839 intexis
1143 1756 1195 1840 dti
1215 1795 1281 1841 ma-

176 1875 296 1938 luerunt
318 1891 408 1953 qurum
430 1879 533 1941 rectis.
575 1877 640 1939 Nee
661 1892 763 1938 rarum
786 1876 850 1954 tuit,
873 1875 994 1955 opinor,
1015 1882 1048 1936 ut
1069 1877 1099 1937 in
1121 1877 1204 1956 ipsis
1225 1877 1280 1939 dn·

174 1972 265 2052 pendi
287 1974 441 2053 sermonis
466 1974 639 2055 primordiis
663 1991 722 2036 uno
745 1973 915 2053 eodemque
943 1975 1013 2036 nisu
1034 1975 1125 2037 binae
1149 1975 1277 2039 ederen-

176 2079 224 2134 tur
252 2071 369 2133 sormae
397 2075 486 2151 quasi
515 2091 607 2152 poma
633 2072 764 2151 gemella
792 2073 911 2153 solent,
940 2089 1065 2152 quarum
1095 2082 1210 2138 neutra
1230 2082 1279 2137 aut

177 2170 329 2250 primitiva
350 2168 409 2232 dici
432 2176 537 2251 potest
559 2179 611 2233 aut
632 2171 809 2234 derivativa.
851 2170 913 2234 Sed
935 2189 1014 2250 quae
1034 2172 1095 2234 sint
1111 2173 1175 2235 lroo
1190 2172 1278 2236 modo

176 2276 250 2332 nuta
270 2268 433 2352 voeabula,
454 2270 535 2333 scire
557 2287 619 2331 non
641 2270 728 2349 licet3
762 2286 857 2349 quare
886 2268 923 2332 de
952 2268 1097 2333 derivatis
1120 2272 1280 2355 loquemur

176 2374 321 2449 tanquam
343 2367 430 2432 solis.
472 2369 587 2432 llorum
607 2376 718 2448 autem,
741 2375 773 2431 ut
792 2367 884 2430 modo
903 2367 975 2450 dini,
995 2371 1120 2449 speeies
1141 2388 1206 2433 una
1224 2374 1280 2450 est,

177 2485 238 2548 qua
258 2467 434 2529 intellectus
453 2474 594 2546 mutatur,
617 2464 655 2527 ad
675 2483 763 2529 usum
784 2468 980 2547 necessaria,
1007 2468 1115 2551 altera,
1136 2483 1279 2550 quantur

176 2572 318 2645 mutatur,
341 2564 380 2627 ad
402 2569 541 2625 ornatum
564 2566 706 2647 pertinet,
727 2565 810 2628 velut
831 2566 908 2629 haee
928 2569 1027 2646 piper,
1049 2568 1199 2647 dipodius,
1226 2569 1279 2632 ni-

176 2680 244 2743 pro,
266 2667 386 2742 κίρκον,
410 2664 539 2741 ainrico,
562 2665 716 2741 eliquesco,
739 2667 857 2743 κίρκον,
880 2666 1021 2744 nipredo,
1037 2666 1213 2744 oipritudo,
1226 2666 1278 2728 rti-

177 2765 292 2840 prrtto,
322 2777 451 2842 quorum
472 2761 571 2839 prima
591 2777 680 2839 quam
703 2762 863 2840 plurimum
883 2764 964 2825 inter
985 2781 1019 2826 se
1039 2762 1191 2845 differunt,
1213 2781 1278 2826 me-

178 2860 229 2924 dia
256 2877 318 2924 non
346 2858 435 2940 nihil,
464 2866 601 2922 extrema
629 2860 679 2921 vix
707 2860 791 2938 quod
812 2861 920 2923 sentiri
942 2863 1054 2941 possit.
1093 2861 1160 2924 Nec
1181 2863 1279 2925 minor

179 2959 365 3025 Graecorum
387 2958 512 3020 ubertas
536 2965 597 3019 tum
619 2958 650 3020 in
671 2958 876 3021 substantivis
897 2955 997 3042 λὴσμη
1020 2957 1209 3043 (nattam),
1229 2965 1278 3043 tp

176 3052 296 3134 θεδών,
323 3052 501 3138 ἀνθοῦντι,
529 3051 709 3138 tummim
730 3092 771 3103 -
789 3053 886 3138 κασᾶ,
920 3053 1038 3138 νόοιο,2
1064 3055 1181 3142 κάρνα,
1208 3083 1278 3142 aco

176 3153 275 3240 μονή,
296 3151 485 3237 χαρμοσόυη,
506 3150 670 3236 χαιρηόών,
693 3162 754 3218 tum
774 3157 806 3218 in
827 3154 988 3236 adjectivis
1006 3153 1122 3239 νύχιος,
1143 3157 1276 3237 νύκτως,

176 3250 331 3336 νύκτερος,
353 3249 519 3333 νυκτέρους,
541 3250 727 3332 νυκτερινός,
748 3251 947 3336 νυκτερήσιος
960 3292 1001 3302 -
1014 3250 1147 3338 ἀόαρὸς,
1167 3255 1278 3342 ὑδατρ

176 3351 241 3437 ρός,
263 3348 415 3430 ὖδάτιυος,
436 3346 591 3427 dumento,
612 3346 780 3434 ὑδατώδης,
801 3347 940 3432 annuos,
960 3350 1112 3435 ὖδατόεις,
1135 3361 1227 3422 tortio
1248 3360 1279 3422 ill

175 3453 279 3516 uerbis
303 3446 437 3533 ἀλέομαι,
458 3446 593 3530 ἀλύσκω,
615 3448 785 3530 ἀλυσκάζω,
806 3446 929 3517 ἀλεείνω
947 3463 1006 3519 ete.
1045 3455 1112 3520 lam
1134 3465 1167 3521 ut
1188 3475 1277 3522 nemo

242 3667 270 3734 1)
289 3664 384 3733 Κάχλη
399 3662 565 3735 ἦπαρᾳόρα,
583 3661 711 3732 duellos·
726 3663 815 3718 Schol.
831 3664 864 3717 ad
878 3664 986 3719 Dostatl.
1000 3667 1028 3719 ill
1042 3665 1119 3720 Anth.
1138 3667 1165 3721 P.
1177 3682 1204 3736 p.
1219 3668 1278 3725 825.

175 3746 236 3803 Utro
254 3749 336 3803 torma
354 3751 491 3817 antiquior,
509 3750 697 3815 incompertum
713 3748 762 3803 sod
779 3751 806 3800 in
824 3754 879 3803 arte
896 3752 1063 3817 praeponitur
1080 3751 1233 3805 masculina.

239 3831 269 3900 2)
292 3833 490 3905 Καλλίστρατος
508 3829 589 3903 χάρις
607 3830 667 3882 ἀντὶ
685 3833 732 3884 τοῦ
747 3830 823 3902 χαρά
846 3832 934 3886 Schol.
955 3832 1003 3887 Od.
1026 3833 1068 3887 vl.
1087 3835 1130 3891 29.
1150 3832 1279 3892 mutius

174 3912 201 3964 ot
217 3916 326 3977 ποιηταὶ
344 3915 392 3978 τὴν
407 3914 492 3986 χάριν
507 3911 601 3983 χαράν
616 3914 746 3966 καλοῦσιν
762 3915 876 3969 Erotion.
897 3914 1052 3983 Apollonius
1070 3915 1151 3972 Lem:
1181 3916 1278 3986 ἀχαρί·

173 4010 270 4065 στερον
292 3996 520 4068 ἀχαριστότερον,
547 3993 560 4048 ὃ
586 3995 733 4049 όέἈπάων
749 3996 947 4068 λυπηρότερον,
973 4013 1024 4067 quo
1044 3998 1142 4057 Coruus
1161 4000 1194 4054 ud
1213 4001 1277 4055 t’lut

173 4077 201 4132 Τ.
222 4079 265 4133 vl.
282 4078 341 4136 ³26.
366 4078 535 4147 Polybiauum
551 4079 623 4147 μετὰ
642 4081 740 4145 πολλοῖς
758 4082 849 4151 χαρᾶς
867 4081 944 4137 ΧΧΙΙ.
966 4085 1006 4139 l't.
1033 4088 1128 4140 tuetur.
1153 4086 1187 4141 cl.
1208 4085 1277 4144 ller-

173 4174 258 4215 maun.
276 4161 310 4216 ad
328 4161 415 4218 otest.
435 4163 492 4219 tlt.
