2648 4756
103 324 151 392 88
459 320 785 389 nlssattuarlo
820 319 843 384 l

106 491 220 554 mltiris
241 489 273 550 iu
292 492 314 549 ὑ
336 488 529 570 exeuntibus,
551 486 680 549 alterum
702 503 722 548 a
742 484 892 566 dirersis,
912 482 997 546 illam
1021 483 1168 564 speeiem
1186 486 1219 550 ad

107 586 291 668 epenthesiu
312 586 428 649 relerre
449 592 692 648 cousentaneum
720 591 786 664 est,
816 583 945 645 alteram
973 579 1015 644 ad
1043 586 1220 662 parentasia

108 686 175 749 sive
196 700 382 764 paragogen
431 683 620 763 Quamquam
649 682 728 744 haeo
754 681 913 744 distinctio
941 680 1022 742 artis
1052 682 1159 760 magis
1179 688 1217 745 est

108 799 199 864 quam
214 790 352 845 naturae.
395 779 458 845 Sed
478 780 517 844 do
531 783 668 844 motione
686 787 718 843 et
737 779 1038 860 parasohematismo
1056 780 1220 862 nominum,

110 896 190 962 quae
212 881 345 944 literati
366 880 524 960 iniuntur,
554 885 670 942 tautum
692 879 765 942 mihi
784 877 903 940 dixisse
924 876 1048 960 videor,
1076 884 1220 959 quantum

109 995 190 1060 opus
212 988 286 1043 erat.

192 1117 222 1185 ς.
243 1109 272 1175 9.
313 1111 519 1174 Animantium
536 1107 698 1189 uocabula,
720 1124 800 1188 quae
822 1106 878 1170 rho
902 1105 1018 1170 habeut
1042 1114 1219 1189 extremum,

109 1210 267 1290 generalia
288 1215 319 1273 et
341 1208 507 1291 specialia,
535 1209 617 1271 uelut
645 1201 726 1284 ψάρ,
754 1200 836 1286 θήρ,
865 1202 939 1288 peip,
962 1201 1054 1288 φώρ,
1075 1207 1144 1270 lere
1164 1222 1220 1269 nou

111 1315 273 1372 mouentur
300 1323 356 1388 per
376 1323 508 1387 genera,
543 1306 602 1369 τοῦ
630 1300 710 1387 dorio
733 1298 770 1367 τὸ
789 1300 931 1386 θηλυκόν
953 1297 994 1367 οὗ
1015 1303 1131 1385 σαεῖρα
1152 1298 1221 1367 aaa

110 1401 213 1488 γάλσς
235 1405 339 1470 Schol.
360 1404 393 1468 ll.
414 1405 463 1468 lll.
486 1404 554 1469 180.
576 1421 633 1485 pro
657 1420 718 1484 quo
740 1397 847 1481 σάειρα
868 1403 1017 1483 seriptum
1043 1402 1137 1467 Eust.
1157 1399 1220 1484 (illl

111 1503 161 1570 31.
191 1518 278 1568 more
305 1501 491 1583 verbalium,
523 1520 542 1564 a
569 1498 639 1583 μάω
659 1499 806 1583 μάστειρα
828 1509 859 1564 et
886 1496 1014 1582 μήτειρα
1040 1494 1220 1584 ἡφρανίμρ

109 1602 183 1668 iles.
206 1610 264 1667 eto.
286 1602 324 1666 de
346 1601 458 1682 quibus
479 1600 553 1663 nihil
574 1617 634 1664 uos
656 1601 765 1663 attinet
788 1599 900 1663 dicere.
925 1597 1164 1664 Gentilioiorum
1177 1600 1220 1663 ie-

111 1701 225 1764 miuiua
247 1700 399 1780 adjectiva
421 1706 493 1762 suut
517 1699 634 1778 Πιερίς,
660 1691 778 1780 Ἰβηρλς.
828 1698 891 1763 Sed
911 1714 1005 1761 unum
1027 1705 1136 1762 tamen
1155 1714 1219 1761 mo-

111 1803 213 1862 torum
235 1796 372 1862 ordinem
394 1799 497 1880 intrat,
530 1793 601 1879 Κάρ
622 1835 665 1846 -
682 1791 719 1860 τὸ
739 1791 882 1880 θηλυκὸν
902 1794 1032 1876 Κάειρα.
1073 1789 1218 1860 Ἀπολλό

111 1916 179 1970 νιος
192 1891 244 1959 διὰ
256 1899 314 1960 τοῦ
327 1900 344 1959 ῖ
358 1911 435 1979 φησι
450 1899 589 1978 μακροῦ·
610 1892 631 1980 ἡ
647 1894 679 1960 δὲ
694 1892 813 1971 ἔντασις
826 1889 995 1977 ἀναγκαία·
1015 1887 1058 1956 τὰ
1073 1888 1136 1976 γὰρ
1151 1894 1220 1968 etad

112 1988 254 2078 βραχύ41
281 1991 606 2077 παμασχηματιζόμενα
631 1992 753 2059 ἐκτείνει
773 1992 831 2077 τὴν
853 1989 1101 2076 παραλήγουσαν
1122 1989 1146 2076 ἢ
1165 1988 1218 2075 φιλ

113 2104 160 2155 σει
184 2088 206 2176 ἢ
233 2089 325 2159 θέσει.
363 2088 555 2174 Ἡρωᾶιανὸς
581 2089 615 2157 ἐν
637 2098 676 2179 τῇ
703 2090 844 2156 καθόλου
873 2095 912 2178 τῇ
939 2088 1046 2174 χρήσει
1077 2088 1219 2175 ἑπόμενος

112 2184 168 2254 dd
189 2189 377 2275 ᾶιφθόγγου,
408 2186 666 2274 ὑπομνηματίζων
686 2186 720 2255 dl
739 2186 796 2256 τὸν
813 2186 1022 2255 Ἀπολλώνιον
1042 2186 1098 2255 διὰ
1119 2192 1178 2255 τοῦ
1196 2192 1219 2254 ἱ·

113 2283 177 2354 ἔστι
197 2284 257 2374 γὰρ
277 2290 327 2357 ὅτε
346 2285 421 2374 μετὰ
442 2285 500 2375 τὴν
520 2291 668 2371 διαίρεσιν
688 2288 807 2366 ἕκτασις
822 2291 965 2371 γίγνεται,
988 2288 1098 2371 οἴομαι
1111 2284 1219 2372 ὀΐομαι

109 2382 156 2454 Ἦ
178 2391 284 2472 χρῆσις
309 2386 343 2454 dl
369 2384 448 2453 κατὰ
474 2384 687 2473 συνεκδρομῆν
713 2392 771 2453 τοῦ
798 2385 929 2470 σώτειρα
948 2383 1089 2467 ἐλάτειρα
1118 2388 1219 2469 Steph

115 2488 150 2554 ln
171 2491 322 2570 principio
345 2488 539 2554 scribendum
568 2496 616 2552 est
638 2490 743 2570 Καῖρα
770 2496 804 2552 ut
825 2506 874 2568 ap.
896 2486 1093 2551 Eustathium
1114 2486 1221 2567 legitur

116 2585 187 2668 367,
211 2585 259 2650 19.
302 2585 559 2661 Quemadmodum
582 2589 661 2649 euim
681 2581 766 2667 παρὰ
786 2581 844 2669 τὴν
863 2582 1001 2667 μάκαρος
1021 2578 1151 2666 γενικὴν
1169 2579 1220 2666 μά·

115 2704 208 2764 καιρα
234 2680 287 2746 καὶ
314 2678 446 2757 emaum
471 2679 601 2747 τάλαινα
627 2681 679 2747 καὶ
704 2679 826 2764 τέρενος
849 2679 967 2765 τέρεινα
993 2684 1060 2748 ΕΜ.
1084 2682 1155 2766 752,
1176 2680 1220 2747 nl.

115 2783 162 2847 sio
185 2799 236 2846 ars
258 2783 431 2865 analogiam
455 2800 589 2865 sequeus
612 2800 630 2846 a
651 2784 786 2864 genitivo
808 2785 866 2846 τοῦ
885 2778 991 2864 Καρός
1009 2782 1095 2846 ducit
1112 2783 1220 2861 Καῐρα

115 2879 194 2946 Huio
214 2881 394 2946 Eustathius
417 2883 563 2945 contiuuo
586 2882 689 2944 subdit
719 2881 908 2962 aStephani
931 2881 1105 2962 expilatore
1127 2881 1221 2945 omis·

118 2998 186 3046 sum
213 2979 266 3044 καὶ
292 2977 327 3044 lv
353 2975 488 3043 σιαλύσει
511 2975 625 3059 Κάϊρα.
669 2981 763 3062 Cujus
792 2980 858 3042 iota
887 2980 1016 3060 produci
1046 2977 1152 3044 dieunt
1175 2984 1223 3042 aut

118 3080 190 3160 quia
211 3095 250 3141 ex
271 3077 380 3158 dialysi
404 3084 503 3141 ortum
525 3085 573 3141 est
595 3083 647 3141 aut
669 3079 709 3140 ob
732 3079 977 3142 terminationem
999 3072 1038 3139 τὰ
1059 3074 1121 3159 γὰρ
1140 3077 1223 3155 aaa

118 3171 217 3259 βραχύ
237 3183 294 3242 οῑο.
336 3176 492 3242 Produoto
514 3178 580 3239 iota
601 3174 735 3239 additum
757 3182 805 3238 est
829 3176 950 3257 epsilou
965 3210 1006 3220 -
1020 3173 1072 3238 καὶ
1096 3171 1115 3239 ὁ
1135 3172 1223 3256 λόγος

117 3268 176 3356 τὴν
195 3273 372 3356 ἃίφθογγον
393 3275 471 3338 αἰτεῖ
490 3274 594 3338 Schol.
617 3274 649 3338 ll.
666 3275 712 3338 lV.
728 3271 795 3338 142.
818 3276 889 3354 quia
909 3274 1083 3352 ubieunque
1099 3260 1223 3354 anteo-o

118 3373 269 3453 syllabam
296 3374 361 3437 iota
390 3374 559 3456 reperitur,
595 3370 816 3454 diphthongum
845 3378 907 3434 est:
937 3375 1071 3452 σφαῖρα,
1108 3378 1223 3453 σπεῖρα

117 3476 227 3554 μοῖρα,
255 3472 365 3558 πρῷρα
387 3509 426 3519 -
447 3471 644 3553 σεσημείωται
671 3464 707 3533 τὸ
735 3465 801 3550 εἶρα
821 3468 874 3533 καὶ
896 3466 1015 3551 Κάειρα
1037 3463 1224 3554 ἀμφιβαλλό-

117 3591 195 3653 pena
221 3572 287 3635 ΕΜ.
315 3571 385 3654 318,
413 3570 462 3636 53.
497 3570 595 3635 Crem.
624 3568 659 3632 ll.
689 3568 756 3633 196.
805 3569 997 3632 Postremum
1025 3568 1160 3634 diaeresi
1188 3587 1225 3634 er

120 3672 226 3752 Καῖρα
256 3670 368 3732 laetum
392 3684 463 3730 esse
485 3666 641 3729 consentit
664 3665 767 3732 schol.
788 3665 821 3729 ll.
843 3665 891 3730 lV.
914 3666 981 3731 142.
1012 3667 1068 3730 sed
1091 3668 1176 3732 addit
1197 3668 1225 3731 οἱ

119 3764 153 3832 ol
174 3762 216 3842 ὡς
237 3761 300 3832 ἀπὸ
320 3765 378 3830 τοῦ
399 3765 503 3847 φαίνω
525 3763 653 3846 φαείνω,
684 3780 764 3843 quos
786 3780 918 3828 neeesse
940 3769 988 3829 est
1011 3781 1068 3845 pro
1093 3765 1223 3831 diaeresi

119 3866 321 3934 substituisse
350 3864 533 3947 epenthostu
567 3859 746 3942 diphthongi
778 3863 916 3943 integrae
946 3865 1088 3945 exemplo
1119 3880 1223 3947 parum

182 4135 229 4202 dl)
255 4134 341 4207 Alphe
359 4147 409 4188 uon
427 4147 517 4202 purum
537 4132 674 4203 signifieat,
694 4137 722 4187 ut
740 4131 862 4190 excludat
879 4133 945 4200 μία,
965 4130 1116 4203 ὄρχὴαιρια
1135 4140 1185 4190 eto.
