2648 4756
166 336 236 407 m
503 326 836 397 DISSERTATIO
863 325 901 393 Χ.

171 498 305 581 apamio
331 497 386 577 τῆς
413 488 605 577 &saiw
632 490 684 554 ulti
712 507 775 554 non
804 491 909 555 tenuia
936 490 1029 571 lolia,
1063 496 1098 553 nt
1122 489 1274 571 interpres

172 594 304 665 reddidit
324 594 381 659 sad
402 593 583 675 simpliciter
606 588 681 654 lolia
700 586 883 667 indicantur,
904 587 1103 653 Needlramus
1130 605 1195 652 nou
1215 592 1276 655 siue

174 695 295 763 ratione
324 688 469 773 φυλλάδα
497 693 662 772 praeoptat
685 693 718 748 ut
737 683 1026 769 comissationes
1047 686 1114 749 Nic.
1143 685 1194 749 Al.
1215 689 1276 753 tlt.

175 808 250 857 esca
271 807 346 855 raro
369 792 493 855 foliacia
512 797 611 854 utrum
632 786 741 866 melita
759 795 871 849 vocata
891 786 932 849 sit
952 803 992 849 an
1013 780 1155 867 monde,
1178 784 1209 849 id
1228 802 1277 849 na·

176 905 236 970 qua
258 905 297 952 err
318 889 502 953 testimoniis
519 885 653 967 judicari
674 890 795 965 potest,
823 901 903 965 quaa
930 885 962 947 in
981 891 1150 963 utramque
1171 891 1278 964 pmten

178 989 242 1051 lare
263 996 334 1051 sunt
351 987 454 1068 paria,
476 999 576 1065 nequa
598 999 636 1045 er
659 984 845 1063 maturaret,
866 996 1069 1063 quamnemo
1092 981 1183 1045 vidit.
1224 981 1280 1045 Po-

178 1093 294 1151 etramo
316 1080 434 1163 maida,
454 1081 538 1165 quod
557 1088 660 1159 airino
682 1086 779 1161 caret,
800 1080 878 1145 alias
899 1077 1086 1159 adjectivum
1108 1087 1162 1143 est
1184 1074 1281 1161 φωνὰς

177 1176 274 1259 uiroc
295 1181 396 1247 Noun.
417 1190 449 1246 et
464 1180 574 1262 φνλὰς
593 1172 706 1256 ἄρκτος
728 1177 858 1242 Thanar.
884 1177 963 1241 alias
992 1176 1138 1242 conchae
1170 1196 1280 1261 nonen,

179 1280 279 1361 orcita
305 1295 380 1343 varo
403 1280 500 1361 piscia
521 1276 677 1341 sedidem
699 1274 791 1339 hodia
807 1275 925 1359 piolus
937 1273 1049 1338 dicitur
1063 1293 1093 1340 v.
1108 1276 1280 1343 Schneider.

182 1376 222 1443 ad
243 1377 372 1445 aristot
394 1377 427 1440 Τ.
448 1376 496 1441 lll.
519 1374 589 1439 203.
611 1389 649 1435 ac
668 1373 776 1437 nascio
795 1388 835 1437 an
861 1373 893 1436 in
913 1371 1061 1451 Hesqclii
1079 1373 1199 1453 glossa
1220 1378 1282 1439 (lo

180 1475 283 1548 taidm
303 1467 471 1553 ὀστράκινα
491 1479 622 1555 utraque
643 1468 825 1535 conduxerit
845 1471 1000 1551 scriptura
1019 1468 1171 1553 φωλάόες
1184 1482 1214 1537 at
1226 1496 1282 1556 oo

182 1570 309 1645 illisa.³⁰
350 1573 460 1638 Verum
478 1576 543 1652 jam
564 1569 642 1635 satia
664 1576 793 1649 apparat
815 1570 895 1634 inter
915 1578 1074 1651 utramque
1095 1575 1284 1637 terminatio-

184 1687 254 1735 nem
281 1670 373 1735 modo
399 1670 520 1734 dillarre
546 1664 886 1748 aliquidmodonilti13
915 1676 1015 1730 utrum
1046 1675 1156 1733 autern
1185 1670 1284 1735 Graeci

184 1770 303 1849 antiqui
336 1769 427 1846 hujus
462 1765 691 1846 inaequalitatis
722 1772 869 1829 auctores
904 1766 1014 1829 luerint
1044 1781 1084 1830 an
1116 1766 1284 1833 librariiet

185 1873 347 1946 quotanus,
368 1863 469 1927 adduc
483 1863 639 1945 explorari
653 1879 716 1927 non
727 1864 837 1943 potuit.
870 1862 904 1925 ln
919 1865 1037 1927 nostris
1053 1864 1183 1946 quidem
1199 1868 1284 1947 libris,

184 1962 252 2027 sive
275 1961 462 2029 dissentiunt
483 1964 549 2027 sira
571 1963 760 2040 conspirant,
782 1961 977 2024 auctoritatis
991 1979 1103 2041 parum
1119 1964 1163 2029 oi)
1176 1966 1286 2031 ducilem

184 2059 338 2123 vocalium
360 2060 381 2123 ᾶ
402 2069 434 2124 ot
453 2070 468 2123 ῐ
490 2061 705 2125 contusionem
733 2066 765 2125 et
792 2061 865 2139 quia
885 2060 1045 2139 utriusque
1066 2064 1286 2128 terminationis

185 2157 218 2221 in
240 2159 416 2223 uniuersum
443 2175 542 2241 pauca
569 2164 674 2222 entant
703 2157 845 2237 exempla
866 2174 964 2236 caque
987 2158 1156 2225 maximam
1176 2170 1287 2243 parton

187 2259 331 2337 tacetis
353 2259 494 2337 prolecta
515 2264 568 2320 aut
588 2273 607 2318 a
627 2254 869 2337 Glossograplris
890 2263 979 2318 antra
1001 2254 1144 2321 ordinem
1163 2267 1196 2322 at
1217 2276 1288 2323 con-

187 2358 303 2418 tentum
331 2354 440 2436 allata,
467 2354 616 2437 pleraque
637 2353 827 2434 utensilium,
849 2352 1089 2433 esculentorum,
1112 2353 1288 2437 plantarum,

185 2451 382 2517 animantium
409 2451 570 2516 voeabula.
599 2488 640 2499 -
666 2452 695 2515 li
721 2451 895 2515 nominibus
931 2452 1041 2515 tertiae
1074 2449 1289 2518 declinationis

187 2545 326 2611 derivata
345 2542 440 2630 ἡρωίς
461 2556 492 2612 ci
515 2542 619 2631 ἥρωάς
638 2550 670 2613 in
700 2550 853 2613 Cotiuuuc
881 2565 989 2629 versu,
1018 2547 1176 2632 Δημήτηρ
1204 2546 1289 2628 &cris

185 2642 240 2707 καὶ
263 2638 366 2719 ἀλωάς
391 2643 508 2728 λέγεται
537 2647 641 2713 Sciroi
664 2648 792 2711 Thaoer.
821 2647 882 2709 vll.
914 2647 980 2709 155.
1009 2664 1144 2727 quorum
1175 2653 1289 2732 uimque

187 2741 277 2807 codd.
300 2743 411 2827 adsunt
431 2745 487 2810 sad
509 2754 617 2808 auctor
638 2745 717 2809 alius
739 2746 857 2823 nullus,
880 2745 993 2823 pariter
1015 2745 1181 2827 ambigitur
1204 2751 1289 2829 Tael-

188 2840 237 2919 δὶς
264 2850 296 2905 ct
328 2839 470 2922 Τρωάὸες
491 2843 523 2907 ΙΙ.
546 2843 697 2908 vritur.
720 2845 848 2917 πλωίδες
875 2850 906 2905 ct
928 2839 1065 2915 πλωάὸες
1087 2863 1117 2908 v.
1140 2847 1288 2927 spiraret.

189 2940 318 3008 Observ.
342 2943 381 3007 ad
401 2944 502 3018 Quint.
523 2960 553 3023 p.
584 2942 652 3007 131.
688 2940 831 3022 Τριχάὸες
862 2941 1001 3023 (pisculi)
1031 2958 1142 3007 ornnes
1175 2953 1289 3011 tuantur

189 3040 279 3105 codd.
300 3042 377 3107 Poll.
399 3042 434 3104 ll.
455 3041 504 3103 24.
532 3039 588 3105 sad
609 3040 660 3102 via
682 3040 828 3104 credibile
850 3045 898 3101 cst
920 3039 957 3102 alt
980 3040 1097 3102 usitata
1121 3042 1225 3108 torma
1245 3064 1289 3109 re·

188 3151 312 3203 cessum
340 3153 421 3200 esse.
459 3128 572 3217 Ὀρχὰς
599 3133 685 3199 ἐλαία
714 3137 840 3201 Nicand.
865 3155 882 3199 a
903 3138 1019 3201 Latinis
1043 3138 1161 3203 orclros
1185 3142 1290 3207 dicitur

189 3239 219 3296 et
240 3232 344 3297 erclis
373 3249 487 3312 gauere
516 3234 658 3313 arnbiguo
681 3237 760 3298 sicut
780 3235 876 3299 herba
899 3228 916 3295 ὁ
937 3230 1020 3314 ὄρχις
1042 3242 1073 3298 at
1096 3246 1220 3303 mutulo
1243 3261 1289 3324 per

189 3330 316 3410 synesin
343 3346 456 3411 genera
483 3322 502 3412 ἡ
531 3325 615 3412 doque
641 3335 696 3413 τῆς
717 3329 844 3414 ὄρχεως,
874 3350 968 3414 quare
999 3349 1060 3394 nou
1090 3332 1289 3402 derivativum

189 3427 309 3493 ridetur
331 3437 362 3497 ut
383 3422 485 3510 ὀρχάς,
508 3424 612 3510 ὀρχιάς
633 3439 665 3495 et
685 3423 812 3512 ὀρχῑτις,
844 3431 899 3495 scd
920 3433 1105 3511 primitivum
1129 3451 1190 3513 pro
1215 3438 1290 3500 deri-

189 3533 262 3589 vato
291 3534 323 3589 ut
351 3527 412 3590 alra
440 3526 611 3606 plantarum
641 3531 765 3592 nomina
786 3525 874 3612 ὄφις,
904 3525 999 3593 κύων.
1048 3528 1110 3593 I‘ro
1134 3532 1290 3612 Κεραστά.ι

189 3623 272 3707 quod
294 3632 342 3691 cst
364 3624 457 3705 Cypri
479 3640 591 3691 noman
613 3625 711 3691 Noun.
733 3626 810 3693 Xlll.
832 3628 902 3693 tlt.
924 3626 1059 3691 Graadus
1074 3644 1116 3691 aa
1129 3630 1205 3697 eliis
1220 3635 1290 3699 locis

255 3875 301 3938 29)
315 3873 385 3926 Sami
400 3872 500 3927 insulae
517 3886 611 3926 nontam
628 3873 759 3941 antiquum
774 3872 1289 3935 luit‹l1oti1'ocaldelaidomzschucl,

189 3956 222 4008 ad
240 3956 323 4008 Strab.
342 3957 383 4011 94.
404 3960 430 4010 et
445 3953 655 4022 slrldpqottoa

255 4039 301 4102 30)
319 4039 349 4092 in
367 4038 433 4093 illst.
452 4038 517 4092 Anu.
538 4037 579 4091 lx.
597 4038 639 4097 dl.
658 4054 684 4107 p.
706 4038 764 4103 621,
781 4038 807 4093 8.
827 4053 872 4105 pro
892 4039 978 4093 datim
997 4040 1099 4107 qoitdc
1117 4044 1228 4111 plurimi
1241 4047 1289 4099 libri

189 4119 316 4189 praebent
336 4118 443 4184 φωλίδα
463 4121 573 4177 ῐοῐικεεο
591 4135 639 4191 par
656 4120 811 4179 mammeam
830 4135 864 4179 tt
882 4121 992 4191 ocialdo
1010 4122 1194 4200 depravatum
