2648 4756
108 348 183 419 ¹¹70
471 348 796 419 ntsstttttarto
831 348 868 418 Χ.
966 412 972 423 .

119 530 182 597 que
202 513 344 580 differunt
369 512 465 598 iquic
486 521 519 580 ei
539 512 629 595 ispic,
657 515 720 579 uisi
741 513 825 596 quod
845 516 926 580 haec
947 520 1001 581 est
1020 514 1142 599 publiea
1158 530 1228 577 mo-

121 614 217 677 tionis
244 616 370 694 species
397 621 433 678 ut
452 614 598 696 palmis,
625 614 749 695 νοσσίς,
776 612 831 677 illa
851 616 1021 693 secretior;
1059 618 1235 692 certumque

120 708 213 788 huius
235 708 386 794 deiectus,
408 714 436 777 si
457 714 505 777 sic
525 712 684 794 appellare
705 712 824 793 placet,
845 711 1020 792 exemplum
1038 716 1092 775 est
1112 710 1235 791 Epime-

123 806 202 891 ihis,
230 810 315 888 quod
337 810 464 876 Ovidius
489 810 522 873 in
547 827 642 873 versu
669 811 760 876 aliter
781 809 885 874 dicere
912 826 977 875 noa
999 810 1121 892 potuit,
1151 814 1184 872 et
1202 806 1235 871 ah

120 904 175 969 ihu
197 906 268 988 ipsa
289 910 389 991 stirpe
408 908 533 989 Nerine,
553 911 698 991 aerinas,
718 909 832 991 quihus
853 907 953 971 simile
973 910 1090 971 Atrine
1110 906 1237 972 Cassio-

124 999 222 1067 dorus
243 1004 331 1068 ahert
352 1006 501 1073 Delirat.
520 1006 603 1073 Part.
623 1022 651 1071 c.
670 1007 818 1073 l.5t9.⁵⁹
844 1007 900 1071 llis
921 1011 1025 1070 eutem
1049 1012 1100 1071 tot
1122 1012 1238 1086 tumque

124 1097 258 1167 disemis
284 1107 519 1171 consiliatorum
546 1111 725 1169 nostrorum
747 1104 912 1186 responsis
934 1102 1166 1186 propemodum
1185 1118 1239 1167 eo-

126 1196 196 1263 dem
222 1200 387 1282 redigimur
407 1221 470 1286 quo
491 1205 544 1269 ille
564 1201 646 1285 apud
664 1202 794 1267 Plinium
814 1210 979 1285 aegrotus,
1008 1204 1066 1284 qui
1087 1204 1120 1267 in
1140 1202 1237 1283 epita·

127 1296 201 1377 phio
223 1315 282 1363 suo
305 1311 498 1383 conquestus
525 1309 574 1367 est
601 1318 639 1367 se
667 1300 860 1365 multitudine
884 1300 1080 1367 medicorum
1100 1300 1232 1382 periisse.

126 1393 205 1459 Nam
225 1414 319 1479 quum
344 1402 430 1465 nulla
456 1403 584 1465 istarum
610 1400 765 1464 rationum
786 1400 929 1465 omuibus
950 1400 1141 1477 conueniat,
1170 1397 1236 1463 nihil

126 1492 239 1576 reliqui
263 1496 298 1561 tlt
324 1515 415 1580 qnam
442 1507 476 1565 ut
502 1514 636 1581 mesos
658 1506 786 1580 poetas,
820 1500 1006 1580 praesertim
1035 1500 1237 1581 posteriores,

127 1592 282 1673 aquibus
309 1595 389 1662 haec
415 1599 508 1681 copia
528 1597 613 1661 lusit
640 1597 706 1661 iere
733 1601 818 1675 iota,
846 1596 1013 1677 aliquoties
1044 1596 1238 1678 putemusin

128 1693 280 1757 tramitem
306 1693 483 1761 declinasse
510 1696 642 1761 alienum
666 1696 852 1777 nominaque
879 1693 1054 1775 protulisse
1082 1694 1237 1777 principiis

128 1790 195 1851 suis
221 1789 422 1858 dissentanea
442 1792 499 1859 sed
519 1795 654 1859 numeris
674 1794 808 1877 poeticis
828 1792 989 1857 habiliora.
1026 1792 1165 1858 Proinde
1185 1808 1238 1857 su·

128 1900 354 1966 peruaosueum
377 1894 467 1957 inerit
485 1908 636 1974 quaerere
656 1900 754 1957 utrum
766 1890 911 1956 llauetho
925 1885 1147 1973 qyspouqiaah
1168 1886 1236 1972 ἦγε·

127 1980 243 2063 pessos
267 1987 454 2055 derivaverit
475 2006 515 2054 an
534 1990 575 2053 ah
595 1985 720 2072 qpqtcio
740 1995 772 2055 et
793 1985 936 2072 ἡγεμονὶς
956 1998 988 2055 et
1009 2006 1075 2071 quo
1097 1989 1234 2071 exemplo

131 2078 172 2145 eh
194 2084 304 2150 eodem
326 2086 503 2171 σινιοληίςω
527 2088 628 2153 ictum
657 2089 701 2153 sit
727 2088 778 2153 vel
797 2089 942 2170 Aoquts
961 2088 1069 2171 Sieph
1091 2087 1184 2155 Ouid.
1200 2122 1237 2137 -

131 2178 311 2261 chryseidis
331 2198 422 2269 pater
441 2204 505 2251 nou
525 2182 684 2265 liquorom
705 2187 789 2269 tuot
809 2187 913 2253 schol.
935 2187 1026 2252 Ilion.
1049 2186 1070 2251 l.
1091 2202 1120 2251 o.
1145 2186 1238 2267 ponit,

130 2290 260 2345 vocatur
286 2285 344 2350 sed
365 2282 494 2369 Χρύσης
513 2293 544 2351 et
572 2287 611 2351 de
632 2286 764 2369 Κισσηίς
788 2284 951 2365 ambigitur
974 2292 1076 2349 utrum
1096 2282 1139 2349 ad
1161 2285 1238 2349 Κισ-

128 2372 203 2450 oeo's
221 2384 375 2459 pertineat
393 2402 434 2449 an
455 2385 493 2450 ad
515 2386 636 2466 Κισσῆς
656 2384 761 2450 schol
780 2384 865 2464 lips.
886 2381 919 2447 ll.
934 2380 985 2447 itt.
1005 2382 1078 2447 222.
1097 2382 1238 2463 idemque

128 2488 241 2541 nomen
268 2487 318 2544 est
341 2479 480 2563 Περσεύς
500 2492 531 2548 et
554 2480 678 2565 Πέρσης
704 2501 732 2548 v.
755 2482 826 2547 Sch.
850 2480 924 2559 ch.
945 2481 1036 2546 1175.
1058 2480 1237 2547 Schneider.

129 2568 229 2639 Gram.
260 2576 295 2641 ll
318 2582 346 2661 i,
367 2581 437 2646 317.
468 2582 549 2646 unde
574 2582 693 2646 llocatc
719 2580 853 2644 Perseis.
894 2579 978 2643 llaec
1008 2585 1130 2662 autem,
1163 2596 1239 2661 quae

128 2678 378 2761 percensuimus,
406 2696 575 2760 paroapma
597 2676 730 2742 suntad
752 2694 843 2741 unum
865 2678 966 2743 omnia
987 2693 1046 2741 nee
1069 2678 1238 2757 probabilis

130 2777 180 2833 est
200 2771 362 2856 Porphyrii
383 2781 538 2843 sententia
558 2777 598 2843 ud
612 2777 644 2840 ll.
660 2776 694 2840 V.
709 2775 780 2841 422.
794 2776 950 2839 hlinertae
961 2776 1124 2854 epitheton
1136 2771 1238 2841 Ἀλνλ-

130 2872 273 2953 κομενηίς
299 2891 362 2939 non
388 2877 428 2940 uh
450 2878 526 2942 urhe
547 2875 756 2940 Alalcomenis
784 2890 842 2936 nec
868 2873 907 2937 ah
927 2873 1145 2939 Alalcomeuio
1168 2892 1239 2957 quo·

131 2967 200 3032 dum
222 2970 344 3036 ductum
367 2991 440 3038 esse
461 2974 517 3039 sed
539 2991 558 3037 a
578 2974 692 3051 verho;
713 2988 887 3052 quanquam
908 2970 987 3036 idem
1004 2974 1160 3037 statuisse
1176 2974 1240 3037 Ari·

132 3067 288 3130 starchum
313 3087 332 3131 a
354 3072 512 3150 Stephano
541 3071 760 3150 comperimus:
786 3062 1021 3150 Ἀλαλκομένιον
1048 3065 1110 3133 obri
1135 3065 1241 3135 'Aial-

132 3158 292 3241 κομενέως,
315 3161 351 3238 ὃς
370 3165 425 3230 καὶ
442 3162 581 3251 Ἀθηνᾶν
601 3168 726 3249 inquom
743 3159 1006 3248 'sitatmpqutooe
1028 3163 1146 3249 οὐγὰρ
1159 3166 1240 3253 παρὰ

131 3253 169 3322 τὸ
196 3253 340 3327 miesco
367 3260 411 3340 ὡς
433 3260 643 3347 Ἀρίσταρχος·
679 3254 720 3347 ἦν
739 3258 800 3346 γὰρ
818 3260 982 3348 blial-spis.
1019 3267 1088 3332 Hoc
1109 3286 1240 3352 prorsus

133 3375 260 3427 enorme
281 3365 371 3447 iuret,
393 3380 451 3429 uec
472 3368 549 3430 satis
571 3364 727 3445 explicata
747 3364 919 3429 Aristarchi
946 3365 1025 3431 ratio
1055 3368 1109 3447 qui
1131 3384 1241 3433 nomeu

132 3458 208 3525 illud
229 3460 268 3525 ab
285 3455 510 3547 Ἀλωωμενίς,
539 3462 600 3529 hoc
620 3468 721 3529 autem
743 3465 782 3528 uh
802 3458 1010 3547 ἄλαῖνισμενής
1031 3463 1082 3546 (ut
1101 3458 1240 3549 topasio,

131 3640 392 3653 ’,σοι’-ι
405 3643 425 3651 -ι

197 3742 244 3809 59)
267 3742 415 3811 Stephanus
433 3739 562 3795 Ῥοίτειον
586 3772 617 3785 -
635 3741 777 3802 Ῥσντειεῦς
803 3746 849 3795 καὶ
871 3740 1001 3801 Ῥοιτειάς
1023 3744 1071 3796 καὶ
1085 3740 1185 3806 ‘Poetis
1199 3744 1242 3800 tal

130 3826 179 3877 τσῦ
197 3832 223 3885 ῒ,
242 3828 300 3880 sine
320 3826 399 3879 dtthio
417 3825 584 3882 scribendum
602 3832 643 3882 esi
657 3824 779 3891 ‘Porcium
798 3841 858 3881 nont
872 3824 986 3885 ‘l'otrrdc
1001 3828 1044 3883 vel
1061 3826 1174 3883 ‘neom
1195 3844 1243 3885 noh

132 3914 212 3962 extat.
247 3910 301 3964 Sed
324 3908 453 3972 οἰλιάδης
469 3922 517 3977 pro
536 3907 682 3971 otiqutom
700 3912 845 3975 successit,
864 3909 916 3964 hoc
934 3926 981 3978 pro
1003 3911 1129 3977 ottstoqa·
1146 3920 1177 3969 ul
1192 3919 1241 3978 th·

130 3988 251 4052 ληιάδης.

197 4086 244 4152 60)
271 4088 417 4155 llosyohlus
437 4090 625 4154 Ἔνιννισληίδες
650 4087 782 4161 περόναι,
815 4091 926 4150 insusse
949 4107 997 4162 pto
1023 4091 1197 4161 irrspolqtdsr
1216 4100 1241 4149 ut

131 4170 219 4239 potilio
239 4177 299 4227 dille
314 4170 438 4239 Ἰἰνινμλαί
453 4173 576 4241 ntpdmtt.
