2648 4756
168 317 233 400 ὀν
530 327 859 395 nrssanuamo
895 329 931 394 n.

185 504 219 561 ut
239 494 444 575 compositum
466 491 505 556 al>
526 486 619 567 ἄλλος
640 494 828 576 (maronam
849 495 927 560 liaeo
945 492 1075 559 insolita
1096 497 1148 557 est
1160 509 1289 575 compo-

184 594 270 676 sitio)
290 593 341 656 vel
359 599 394 656 ut
414 592 546 673 simplex
567 608 587 656 a
606 590 683 674 μλξα
704 591 874 657 derivatum
896 592 1048 675 producta
1068 591 1286 673 penultimam

182 685 431 774 καρακέραλλος.
473 693 526 756 Sic
544 699 576 756 et
602 685 830 773 ἀμιχθαλόεσσα
851 710 909 775 pro
937 688 1064 775 ἄμικτος
1090 691 1159 756 sire
1181 685 1286 772 ἀμιμής

184 789 245 854 diei
272 791 380 854 volunt
406 791 593 872 interposito
622 790 709 854 theta
739 799 772 855 ut
800 787 925 873 ἅχιθος,
956 786 1082 873 μόχθος.
1132 790 1196 853 Alii
1216 806 1288 853 vero

183 887 393 974 μιχθαλόεσσα
415 890 609 972 scripserunt
629 896 661 953 et
680 881 851 974 ὁμιχλώδης
870 890 1064 971 interpretati
1085 888 1206 952 sunt¹⁶
1245 891 1290 952 Ac

184 1005 237 1053 res
264 996 350 1053 certa
375 994 426 1052 est
452 992 524 1050 ante
545 985 626 1049 hane
655 990 901 1053 terminationem
928 989 1153 1071 primitivorum
1175 987 1289 1052 lomnes

183 1089 269 1151 varie
295 1086 477 1169 interpolari
503 1085 555 1148 riu
581 1090 616 1147 ut
636 1089 823 1166 recognosci
844 1090 976 1171 possint.
1023 1087 1103 1151 Nam
1129 1101 1289 1150 consonae

184 1193 340 1252 mutantur
361 1181 483 1268 στρέφοι
505 1178 671 1266 (σιριύγα)
693 1179 886 1268 ἀστράγαλος
907 1188 1082 1252 verticillos
1104 1192 1136 1249 et
1157 1182 1289 1253 indidem

184 1280 373 1367 στραργύλη,
400 1284 480 1350 unde
500 1284 745 1367 στραγγαλούται
765 1280 966 1369 σνστρέφκκαι
986 1285 1058 1349 lice.
1075 1279 1192 1358 κοντός
1211 1279 1288 1346 κύνε

184 1385 287 1462 daton,
308 1379 412 1465 ὄμκνη
431 1379 588 1466 (ὄμκνιος)
610 1375 750 1465 ὀμφαλός
771 1384 875 1449 schol.
895 1385 962 1449 Nic.
983 1383 1030 1447 ΑΙ.
1052 1384 1080 1447 t.
1101 1383 1164 1446 nisi
1185 1383 1286 1464 potius

187 1484 227 1548 ab
249 1479 332 1566 ἅμβη
353 1477 462 1564 ἅμβαν
482 1482 685 1546 umbi-licus.
732 1482 798 1546 Nec
821 1499 893 1548 raro
918 1485 1172 1565 interponuntur,
1196 1480 1286 1545 modo

183 1582 337 1648 dentales:
378 1599 396 1645 a
423 1576 491 1663 βύο
511 1575 655 1660 βύθαλον
677 1575 913 1662 ilaiepinlles.1²
934 1574 1063 1645 ισκοὶω
1084 1575 1241 1661 σκααιὶλρ,
1270 1596 1288 1643 a

183 1677 248 1758 ξιλω
270 1676 391 1761 (ξύλον)
412 1673 549 1761 σκυτάλη
568 1685 603 1742 ut
622 1678 801 1743 Nitzsolrias
822 1686 930 1744 censet
950 1681 982 1742 in
1002 1679 1081 1742 llist.
1097 1677 1187 1742 llom.
1202 1678 1225 1741 l.
1239 1677 1286 1742 75.

185 1786 216 1844 et
238 1773 394 1841 σκύταλον
414 1777 511 1860 clare,
537 1779 664 1852 ιισανλς
684 1773 840 1841 caedmon
861 1779 927 1842 sive
949 1773 1116 1859 σύμβαλον,
1141 1773 1287 1852 ιισκύνος

182 1870 309 1957 κώλυμα
330 1912 371 1921 -
391 1869 567 1939 σκάνδαλον
587 1871 773 1958 ἐμαιδισμός
792 1875 1020 1958 offendiculum,
1047 1879 1176 1958 proprie
1196 1877 1287 1958 quid-

183 1974 255 2057 quid
276 1976 307 2037 in
330 1981 510 2038 transverso
525 1976 660 2057 positum
676 1982 742 2058 est,
763 1977 929 2057 praecipue
943 1983 1113 2040 transenna
1125 1978 1193 2040 sive
1206 1978 1286 2040 linea

185 2074 412 2137 transversaria
433 2072 615 2155 tendiculae,
638 2080 801 2152 cognatum
822 2090 889 2136 oum
910 2068 1025 2151 σκαιός,
1046 2070 1193 2157 σκαμβός,
1215 2071 1286 2138 σκά-

182 2173 240 2250 ζα,
270 2172 382 2252 quibus
411 2171 552 2234 omnibus
580 2172 662 2234 inest
689 2172 872 2253 significatio
902 2174 1073 2237 transversi
1101 2180 1133 2238 et
1163 2174 1283 2255 oodqui.

180 2270 274 2336 llodo
292 2271 438 2335 labiales:
460 2265 567 2353 κρούω
582 2264 772 2348 κρούκαλον,
794 2266 875 2351 κάρα
888 2267 1042 2355 κραιπάλη
1055 2279 1190 2352 cognata
1202 2290 1284 2357 caro,

181 2365 280 2433 doveoi
301 2369 488 2448 ὅοοκαλλζω,
510 2364 587 2442 σκύς
608 2365 693 2451 excip
713 2365 885 2451 σκύβαλον,
914 2364 1015 2449 κρέκον
1038 2367 1175 2452 (κρούω)
1196 2369 1285 2455 κρέμ·

181 2470 287 2552 βολον,
309 2469 387 2548 βοῦς
406 2465 569 2550 βούβαλος,
589 2455 629 2541 ύς
648 2464 765 2551 ύβύλης
777 2470 843 2533 sire
859 2463 993 2550 συβύλης
1005 2467 1118 2550 deipnos
1136 2471 1208 2535 llcs,
1220 2474 1241 2536 i.
1256 2490 1284 2554 q.

181 2563 280 2647 σύβαξ
294 2561 457 2648 συώβης.18
486 2566 654 2631 Gutturalis
669 2569 853 2632 accessione
866 2568 1037 2630 increvisse
1052 2567 1173 2632 ridetur
1184 2567 1285 2650 μραύ-

181 2667 275 2737 καλος
302 2658 388 2744 ὄρνις
407 2658 520 2744 κιρρός
539 2664 611 2728 llos.
633 2682 652 2729 a
673 2666 780 2730 colore
802 2667 964 2729 cineracoo
986 2668 1052 2729 sire
1074 2683 1166 2749 ravo,
1196 2672 1284 2749 quasi

180 2767 289 2846 γραῖος
308 2762 531 2844 gravastellus,
553 2779 623 2827 nam
644 2765 722 2827 haec
742 2767 809 2828 sine
832 2764 924 2828 dubio
947 2765 1026 2827 inter
1048 2781 1083 2827 sc
1104 2768 1284 2831 continuata

181 2868 270 2943 sunt3
298 2861 450 2942 proculus
473 2867 583 2942 autem,
605 2862 686 2942 quod
707 2865 876 2926 lluesterus
893 2863 1023 2944 confert,
1044 2863 1215 2929 aclamore
1230 2883 1284 2946 po-

180 2962 260 3041 tius;
294 2977 365 3023 nam
385 2958 503 3038 graculi
532 2959 688 3040 (κολοιοῦ)
718 2962 876 3043 epitheton
904 2968 1085 3024 consuetum
1115 2970 1163 3026 cst
1191 2986 1283 3044 κραο

178 3055 234 3141 μός
263 3060 329 3122 sire
355 3051 510 3139 κραγέτρς.
553 3059 713 3134 Quomodo
736 3080 754 3125 a
776 3056 863 3124 παύω
884 3058 1053 3122 derivatum
1074 3067 1124 3124 est
1143 3059 1284 3128 πτύαλον

179 3156 306 3238 pituita,
329 3157 375 3219 sio
397 3157 436 3220 ab
453 3157 550 3220 altera
571 3158 662 3238 hujus
684 3160 770 3224 verbi
791 3161 889 3224 forma
909 3154 983 3234 ψύαι
1004 3175 1084 3238 spuo
1105 3167 1211 3224 natum
1235 3168 1283 3226 est

178 3253 287 3318 σίαλον
307 3253 461 3337 ιαλλιαι,19
489 3261 522 3318 ut
542 3252 645 3332 νύκτα
665 3259 765 3337 σλιια,
793 3259 920 3336 ψελλλζω
941 3259 1063 3335 σιλλλζα
1084 3264 1143 3324 eto.
1195 3262 1282 3345 Dein,

247 3476 291 3544 le)
315 3475 430 3544 llepnius
450 3477 481 3531 ad
499 3477 529 3531 ll.
547 3477 632 3534 lllllll.
651 3480 709 3537 753.
734 3495 749 3537 e
768 3479 856 3535 Soloi.
874 3482 939 3536 vict
961 3481 1035 3537 allent
1051 3494 1155 3535 uersum
1175 3495 1191 3535 a
1208 3481 1281 3536 Bol-

178 3559 243 3616 kero
262 3563 385 3613 omissum
404 3562 437 3611 et
453 3578 501 3612 κεν
520 3559 750 3630 ἀμιχθαλόεσσαν
769 3562 906 3626 andeca
925 3583 962 3629 ηε
985 3563 1138 3627 θαλάσσης,
1157 3563 1217 3618 lort.
1236 3566 1282 3616 καὶ

180 3660 229 3696 κεν
245 3641 347 3710 ditexit.
367 3640 448 3705 ἀπήιε
465 3646 532 3693 diva
550 3645 690 3708 dulcicano
707 3646 810 3698 adiisset
829 3648 864 3699 od
882 3678 913 3688 -

245 3733 289 3799 17]
316 3731 458 3788 Salmasius
476 3733 540 3787 Plin.
559 3734 652 3790 Exere.
676 3751 701 3804 p.
728 3738 784 3794 129.
808 3738 839 3792 D.
870 3740 1042 3794 masculinum
1065 3741 1137 3806 ponit
1160 3737 1282 3805 βύνιιλος

176 3817 262 3871 simile
280 3816 359 3869 latino
378 3814 476 3868 cotaleo
496 3816 627 3872 farcimen.

245 3899 289 3965 18)
313 3898 427 3953 Lebialis
446 3900 533 3966 gliscit
550 3903 628 3956 eliam
646 3904 673 3955 in
690 3901 810 3972 σύμβρος
828 3903 932 3974 κύπρος
950 3903 1013 3960 Hes.
1033 3902 1150 3973 σοφούς,
1177 3906 1280 3972 subere,

176 3982 309 4047 subulcus,
327 3983 376 4036 nisi
394 3982 444 4035 hoo
461 3983 648 4039 homoeosomo
666 3984 795 4042 bubulcus
814 3988 1021 4056 accomodatum,
1039 3995 1082 4044 aut
1100 3987 1161 4045 beta
1179 3993 1280 4044 utrius-

176 4079 228 4133 que
247 4077 280 4118 er
298 4063 435 4130 digamma,
453 4068 529 4130 ινολι,
543 4067 619 4130 dome,
636 4075 719 4122 ortum
737 4074 786 4124 cst.

243 4147 287 4215 ld]
312 4147 394 4204 Recte
413 4147 548 4216 distinguit
564 4147 621 4205 ΕΜ.
644 4151 703 4219 712,
727 4153 752 4209 3.
777 4151 898 4207 aticiae
919 4154 950 4208 τύ
975 4152 1185 4223 ἀναπαυόμενον
1210 4156 1279 4208 κατὰ
