2648 4756
181 309 228 375 76
538 310 870 380 ntssttttttrto
909 315 931 381 ῑ

182 473 332 554 φίλτατον
351 488 378 536 ο.
398 470 445 536 10.
466 475 632 556 nuptisque
653 474 852 541 (iuutttueuue
873 480 1085 560 ffliatmoo,
1108 499 1151 546 eu
1173 493 1206 548 et
1225 504 1293 551 vooe

184 578 216 634 et
245 570 404 634 iutetieotu
431 570 618 636 deminution
643 579 717 636 suut
740 574 868 655 perinde
894 583 929 640 ut
956 579 1137 645 musoulinu
1166 577 1289 665 Εὐριπι-

182 666 269 745 οιον,
293 663 515 750 nemetum.
557 670 620 735 Sed
641 680 720 735 vooe
742 671 842 736 sotum
864 677 892 738 si
916 678 1120 759 propriorum
1143 681 1288 748 tocnniu

182 773 365 848 perpetuum
378 768 594 847 obtinuerunt3
614 785 677 849 quo
693 771 777 833 tuoto
791 770 831 834 ult
848 772 910 836 itiis
927 779 1047 838 tuntum
1062 776 1186 843 distant
1199 798 1292 862 quun-

184 870 248 927 tum
273 867 408 929 uirorum
434 868 561 949 propriu
584 859 787 948 Ἐρμπὶυιιός,
817 871 992 954 Λυκίσκος,
1032 875 1253 959 ωρμασχος
1276 897 1294 945 ρ

184 962 379 1029 deminutiuis
395 958 616 1044 Ἡρακλίοιιος,
640 967 806 1041 natones.

263 1069 294 1138 §-
315 1064 344 1127 t.
386 1064 589 1142 Peronymiue
615 1072 764 1147 quatuor,
794 1072 827 1129 ut
850 1064 922 1148 diui,
944 1069 1087 1153 speeies,
1115 1089 1200 1154 quoe
1218 1092 1292 1155 pree

181 1163 295 1226 cetenis
317 1162 449 1225 eminent
464 1170 495 1226 et
510 1169 670 1245 opponent,
690 1171 856 1245 motusque
868 1168 968 1245 nugis
984 1166 1153 1235 ordinatos
1170 1171 1291 1253 nubent,

181 1261 308 1341 propriu
335 1263 460 1325 nomine
488 1263 620 1325 sortitae
644 1267 732 1344 sunt,
762 1270 885 1326 oeterne
906 1264 989 1326 siout
1010 1266 1100 1346 ignee
1123 1271 1205 1333 tutui
1225 1271 1291 1334 itino

179 1358 251 1422 iude
272 1360 404 1423 emicunt
426 1375 465 1422 uo
483 1375 593 1422 rursus
615 1360 780 1438 evestigio
802 1369 1001 1424 evanescunt.
1038 1365 1103 1429 Sed
1117 1367 1205 1433 iuter
1218 1369 1287 1432 ineo

179 1464 282 1522 tumen
307 1463 357 1521 est
377 1471 477 1536 genus
503 1455 657 1535 quoduam
683 1459 784 1521 minus
811 1459 995 1542 voiuticum,
1025 1460 1103 1527 iiiuti
1125 1480 1192 1545 qno
1213 1482 1287 1530 oon-

179 1557 315 1621 tiueutun
334 1555 465 1619 utores
478 1560 510 1618 et
524 1554 642 1616 tructus
662 1556 796 1622 arborei
823 1556 857 1620 td
870 1563 972 1620 uutem
987 1574 1058 1622 oum
1067 1568 1184 1626 nostru
1197 1580 1287 1627 musa

177 1657 239 1720 ttoo
266 1654 383 1717 unctius
411 1653 557 1717 cohaeret
585 1652 669 1732 quod
696 1655 727 1717 in
756 1671 795 1717 eo
818 1670 927 1719 omues
955 1657 1021 1719 tene
1048 1659 1219 1723 veniuntne
1242 1663 1285 1725 rei

178 1753 360 1834 suppositae
380 1753 518 1814 rationes
540 1751 705 1833 confluunt,
725 1768 805 1832 quos
826 1753 857 1814 in
871 1752 1027 1834 prioribus
1041 1757 1212 1835 generibus
1224 1760 1285 1822 ob-

177 1850 378 1915 servavimus.
419 1849 551 1912 Pnimum
579 1849 659 1912 enim
686 1849 860 1913 diuiduntur
886 1853 1074 1935 generatim,
1106 1860 1144 1917 ut
1163 1856 1285 1918 nomina

177 1949 357 2012 uittnitutum
378 1953 410 2010 et
431 1963 541 2027 sexus,
567 1947 599 2009 in
620 1947 809 2028 heterozygu
829 1955 861 2012 et
882 1965 1008 2028 syzyga.
1057 1950 1153 2026 Quod
1174 1952 1283 2017 disoni-

177 2060 248 2112 men
275 2043 441 2110 declarabo
462 2044 622 2127 emptitiis
649 2045 754 2108 verbis
780 2046 852 2109 Atti.
875 2046 910 2108 tt.
930 2047 981 2110 50.
1007 2047 1040 2110 tt.
1068 2043 1088 2112 ὁ
1113 2047 1285 2132 συκάμινος

176 2136 328 2226 meimet,
350 2137 435 2229 ὃοᾷι,
455 2137 552 2224 ptest,
573 2135 592 2205 ὁ
612 2146 723 2222 πρῖνοι
740 2135 886 2221 ἀκύλους,
907 2136 926 2207 ὅ
946 2138 1086 2226 κόμαισι
1102 2150 1280 2231 μιμαίκυλα,

175 2238 303 2324 ιιράνεια
321 2237 466 2325 ptam«,
488 2250 520 2305 et
541 2241 732 2321 Theopompi
754 2261 783 2324 p.
798 2244 846 2307 77.
864 2243 899 2306 Ε.
921 2235 976 2316 τὰς
995 2245 1096 2319 συκᾶς
1114 2248 1210 2325 σῦκα,
1229 2242 1281 2322 τὰς

176 2336 207 2408 δ’
230 2336 384 2424 ἀμπέλους
403 2337 524 2423 βότρυς,
546 2335 601 2414 τὰς
621 2332 653 2402 δ’
675 2334 778 2413 ἐλαίας
797 2335 903 2421 φέρειν
923 2337 1033 2417 ἐλαίας.
1074 2345 1281 2428 Heterozygts

176 2459 256 2524 quoe
277 2441 325 2504 his
340 2441 483 2503 versibus
504 2440 709 2520 eontinentur,
731 2437 923 2519 adjungenda
940 2447 1011 2504 sunt
1028 2440 1124 2504 hueo:
1148 2438 1282 2524 βῶανος

176 2533 195 2604 ὁ
214 2539 269 2620 τῆς
289 2532 385 2616 δρυὸς
404 2530 524 2616 καρπός
543 2533 857 2600 incentionem.
879 2531 936 2599 τὸν
956 2532 1078 2619 καρπὸν
1097 2539 1156 2621 τῆς
1175 2540 1281 2615 πίτυος

173 2631 354 2723 μετεξέτεροι
380 2630 554 2716 στρόβιλον,
590 2633 621 2695 οἱ
641 2628 674 2696 δὲ
694 2634 799 2697 κῶνον
818 2636 969 2699 καλοῦσιν
988 2635 1103 2701 Herod.
1126 2637 1162 2701 V.
1190 2639 1278 2703 Hom.

175 2745 206 2814 ς.
229 2737 278 2801 20.
301 2754 329 2797 v.
351 2733 390 2798 at
410 2733 521 2811 Phryn.
543 2728 614 2796 396.
638 2724 657 2794 ὁ
677 2725 796 2814 καρπὸς
815 2735 870 2817 τῆς
890 2737 1033 2817 κρανείας
1052 2736 1190 2800 καλεῖται
1209 2737 1279 2800 ain-

173 2834 257 2914 ταξις
275 2829 298 2917 ἢ
317 2828 475 2917 βάρβυλον
493 2824 515 2911 ἢ
535 2824 636 2910 μάρου
658 2830 763 2895 Senot.
787 2830 842 2898 Od.
862 2833 898 2899 X.
922 2834 992 2899 242.
1014 2829 1127 2917 μηλέας
1146 2833 1280 2917 Mittite

173 2929 193 3002 ὁ
212 2927 332 3014 καρπὸς
352 2924 454 2995 οὐκέτι
473 2929 573 3010 μῆλον
592 2923 726 3011 μηδικὸν
744 2921 821 2992 ἀλλά
841 2932 958 3012 κιτρίον
974 2927 1154 3014 ὀνομάζεται
1170 2932 1275 2997 Guieu.

173 3052 201 3097 ι.
225 3032 264 3097 ud
284 3031 395 3110 Phryn.
417 3028 487 3093 470.
510 3027 660 3109 Pleraque
681 3044 756 3091 vero
779 3028 923 3093 orborum
940 3038 970 3094 et
988 3033 1139 3095 fructuum
1152 3032 1279 3095 uomina

173 3131 280 3198 eodem
302 3135 389 3192 sunt:
423 3120 459 3188 τὸ
481 3125 607 3206 ζίξυφον
628 3161 678 3189 -,
691 3118 730 3187 τὰ
751 3125 860 3208 &copo
882 3126 998 3211 Geopp.
1021 3129 1057 3192 X.
1080 3129 1130 3193 tu.
1160 3124 1278 3210 ἐρινεὸς

170 3224 192 3314 ἡ
213 3224 304 3311 ἀγρία
324 3224 404 3307 συκῆ
425 3219 478 3287 καὶ
501 3217 519 3286 ὁ
539 3217 657 3304 ιιιιριιὸς
677 3216 720 3298 ὡς
739 3220 824 3287 ἐλαία
844 3219 879 3288 τὸ
901 3221 1003 3306 φυτὸν
1023 3223 1075 3289 καὶ
1096 3222 1115 3290 ὁ
1135 3248 1164 3291 ιι.
1186 3228 1274 3291 Eust.

171 3328 242 3412 653,
263 3328 312 3393 54.
342 3318 497 3404 ἄρκευθος
520 3317 555 3383 τὸ
578 3317 677 3405 ἀὲνάρ.
704 3318 757 3386 καὶ
783 3316 799 3385 ὁ
827 3345 917 3406 καρπ.
940 3324 1011 3389 Soh.
1033 3324 1099 3391 Nitt.
1123 3324 1179 3388 Tu.
1203 3325 1273 3389 379.

169 3428 234 3493 τοῖν
259 3424 410 3508 φοινίκων
436 3414 492 3486 τὸν
519 3414 642 3501 ιινριιὸν
667 3419 699 3483 οἱ
716 3415 860 3504 Ἕλληνες
886 3416 1059 3504 ὁμωνύμως
1078 3424 1123 3509 τῷ
1144 3418 1275 3512 δένδρῳ,

168 3521 248 3600 τινές
268 3521 301 3589 δὲ
321 3525 384 3588 τῶν
403 3516 563 3603 νεωτέρων
583 3520 698 3604 ἰατρῶν
710 3517 991 3603 φοινικοβαλάνους
1008 3521 1112 3587 Geton.
1129 3520 1169 3584 de
1181 3523 1273 3586 Stttto.

170 3625 257 3708 prob.
282 3641 308 3687 o.
322 3623 352 3705 4,
369 3621 438 3687 779.
462 3621 495 3683 Τ.
512 3622 559 3685 vt.
580 3616 685 3703 φοίνιξ
705 3613 806 3701 ὄνομα
825 3614 958 3703 δένδρου
979 3616 1033 3683 καὶ
1051 3620 1176 3700 καρτοῦ
1195 3616 1275 3699 πρὸς

168 3717 335 3807 ὃμοιάτιμα
354 3715 456 3795 ἐλαίας
475 3716 528 3782 καὶ
548 3718 636 3800 ῥοιᾶς
661 3717 748 3781 Eust.
773 3717 861 3802 1558,
884 3721 912 3782 7.
939 3714 1011 3801 ῥοιά
1029 3713 1052 3800 ἢ
1072 3713 1132 3794 βόα
1152 3710 1172 3780 ὁ
1194 3740 1273 3799 uap-

168 3816 226 3897 πὸς
246 3817 298 3885 uei
319 3811 355 3882 τὸ
375 3813 505 3899 δένδρον
526 3818 630 3881 Thom.
671 3817 756 3880 Haeo
775 3816 868 3899 igitur
888 3816 1074 3894 homonyma
1094 3822 1184 3899 sunt,
1212 3816 1272 3879 ulio

168 3918 432 3997 semihomonymo
452 3925 483 3981 ot
503 3915 533 3979 it
554 3917 654 3997 ipsum
676 3913 759 3996 quod
779 3919 937 3996 postremo
959 3913 1031 3977 loeo
1052 3913 1162 3997 posui,
1189 3931 1271 3979 uon-

167 4017 243 4080 uoltt
263 4010 335 4094 ῥοιά
357 4017 495 4080 scribunt
516 4016 544 4078 si
564 4016 706 4079 arborem
725 4013 892 4095 signifieat,
912 4006 972 4093 pot
993 4013 1021 4077 si
1042 4012 1174 4077 fructum
1194 4014 1270 4078 Anu·

167 4128 248 4179 mou.
276 4113 354 4178 Poti.
376 4111 491 4179 Auood.
514 4111 637 4176 Boohm.
664 4111 700 4177 11.
721 4109 793 4177 379.
821 4103 898 4175 ἐλάα
923 4102 943 4173 ο
968 4107 1102 4194 mpetu,
1128 4107 1217 4178 etate
1234 4106 1272 4176 τὸ
