2648 4756
196 391 251 462 DE
267 395 366 464 Noli.
384 390 547 473 ottonum
560 390 675 462 CHAR.
693 391 771 461 EST
790 393 920 464 storin.
942 397 977 464 C.
993 398 1042 464 tlt.
1109 401 1179 471 lae

70 558 174 623 Liberi
195 560 298 624 Patris
320 559 485 623 commilito
503 558 666 640 inducitur,
687 557 842 638 dactylum
865 561 978 645 explet,
999 563 1176 632 femininum

71 655 213 738 erplop
233 659 264 720 in
287 659 421 741 oraculo,
441 656 524 739 quod
544 659 577 721 in
599 657 690 721 Thes.
712 656 846 739 edentur,
859 668 1070 740 anapaestum.
1112 664 1176 729 Pn-

69 755 221 833 ropamisi
242 770 368 838 nomen,
397 755 480 837 quod
509 754 602 835 vulgo
629 754 678 818 sie
698 753 938 834 pronunciamus
959 765 993 821 ut
1014 758 1173 843 Pamisos,

68 852 246 932 ubicunque
266 854 346 933 apud
366 860 479 935 poetas
500 853 628 934 legitur,
656 850 726 914 libri
752 849 845 914 modo
874 854 1079 933 Περπανισός
1106 862 1174 927 siva

10 944 20 979 ³
71 944 279 1030 Παραπάμισος
300 952 431 1015 oderunt
451 957 598 1031 correpta
618 949 796 1031 penultima,
817 949 910 1015 modo
935 952 1123 1037 Παρνησσός
1142 976 1174 1025 r.

65 1046 247 1126 Bernhardy
268 1048 306 1112 ud
327 1050 419 1112 llion.
441 1048 511 1113 737.
531 1049 663 1113 limosae
684 1062 797 1111 nomen
819 1063 910 1127 quum
932 1051 1017 1114 narie
1037 1052 1174 1119 habitum

68 1146 174 1228 luerit,
205 1149 270 1227 janu
298 1145 417 1211 diruisse
445 1162 495 1210 ma
521 1146 653 1210 memini.
704 1139 878 1226 Καμβύσης
905 1156 1000 1227 poeta
1026 1151 1173 1230 ignobilis

67 1243 159 1307 Antlr.
180 1260 239 1323 pro
261 1243 468 1325 amphimacro
486 1244 600 1308 lrnluit.
638 1237 796 1325 Ἰηλυσσός
810 1242 1090 1313 enlrilrentreteres
1103 1250 1173 1313 llo-

67 1341 144 1404 meri
173 1341 256 1407 editt
283 1340 436 1423 producto
463 1357 520 1421 per
547 1343 646 1422 sigma
673 1338 786 1422 duplex
815 1340 918 1421 ypsilo
951 1345 1034 1423 quod
1060 1354 1172 1412 natura

66 1437 163 1502 breve
184 1454 257 1503 esse
275 1440 414 1518 demine
428 1441 611 1519 comprobat
624 1438 747 1503 Pindari
761 1438 955 1519 testimonio;
976 1446 1171 1523 nequeenim

67 1535 153 1600 credi
180 1544 286 1617 potest
311 1552 425 1600 nomen
452 1536 640 1619 conditoris,
667 1535 706 1599 de
738 1552 800 1617 quo
830 1536 881 1599 hio
901 1536 1052 1620 loquitur,
1081 1540 1170 1606 aliter

65 1635 300 1716 pronunciatum
330 1650 403 1698 esse
428 1650 519 1714 mam
545 1634 648 1716 urbis,
677 1650 715 1697 no
734 1624 773 1698 ne
795 1641 955 1697 nocentum
977 1636 1099 1715 quidem
1119 1636 1172 1701 di-

64 1749 190 1796 uersum
210 1733 358 1797 habuisse
379 1731 551 1810 colligimus
573 1749 611 1794 er
624 1732 703 1814 aliis,
724 1748 802 1812 quae
823 1733 854 1797 iu
875 1733 933 1796 lrao
952 1733 1170 1799 dissertatione

64 1831 184 1893 intexta
204 1836 288 1912 sunt,
308 1829 466 1910 exemplis.
507 1829 597 1910 Apud
617 1830 806 1909 Stephanum
821 1832 868 1894 sic
885 1830 1006 1912 quidem
1021 1834 1170 1912 seriptum

66 1934 116 1991 est
137 1923 306 2009 Κρυασσός
323 1924 412 2000 adise
432 1926 553 2006 Καρίας
572 1919 636 1988 ἀπὸ
650 1922 983 2007 Κρυάσσου,ἰιιισσός
997 1922 1170 1994 eee‘uete

64 2038 134 2103 ooo,
150 2019 283 2108 ’Ῥηηός
301 2019 364 2089 dard
380 2018 531 2107 Ὑήττου,
553 2023 610 2087 sed
630 2024 689 2087 hue
710 2026 961 2089 accentinnonlue
982 2042 1089 2105 parum
1110 2045 1171 2091 nu-

65 2125 220 2187 ctoritatis
239 2123 354 2187 habent
374 2128 405 2186 ει
426 2120 509 2202 quod
532 2121 570 2185 ad
591 2128 780 2202 postremum
803 2124 930 2204 attinet,
951 2123 982 2184 in
1004 2123 1095 2189 Pnns.
1118 2126 1168 2198 tx.

63 2220 115 2303 24,
137 2220 167 2287 3.
189 2228 220 2284 et
239 2223 299 2285 rici
321 2228 350 2284 et
370 2221 427 2283 viri
447 2234 561 2282 nomen
581 2226 858 2299 proparonytonon
875 2226 932 2285 est.
966 2217 1055 2293 Quod
1067 2227 1169 2285 autem

64 2315 244 2401 Γαργιμτός
269 2337 318 2401 ap.
340 2318 447 2397 Steph.
470 2334 496 2381 ε.
513 2309 657 2397 ²Alpenos
684 2322 715 2378 et
735 2317 766 2379 in
787 2318 943 2398 plerisque
965 2316 1054 2380 codd.
1076 2318 1168 2382 Paus-

63 2416 127 2479 llll.
150 2416 201 2499 22,
221 2420 250 2481 7.
273 2417 427 2479 diversum
449 2432 467 2478 a
489 2414 577 2476 demo
601 2420 757 2476 accentum
779 2414 872 2477 habet
893 2423 925 2477 nt
943 2412 1089 2496 Σφηετός
1103 2410 1167 2481 ἀπὸ

64 2509 218 2596 Σφήπου
229 2513 334 2593 Steph.
347 2513 378 2575 id
400 2513 535 2593 positum
548 2518 596 2574 est
610 2512 639 2572 in
657 2513 821 2588 oxytonesi
834 2511 991 2575 domorum
1004 2516 1041 2576 ci.
1056 2515 1164 2579 Lelrrs.

61 2613 159 2675 Arist.
180 2611 250 2676 288.
292 2611 357 2674 lam
379 2627 470 2691 quum
493 2611 616 2673 nomina
637 2612 667 2674 in
695 2595 771 2685 v’oos
792 2618 927 2689 oxytonu
948 2611 1031 2674 nulla
1052 2622 1165 2695 extent,

60 2702 199 2781 Ἰάλυσος
225 2725 348 2790 qnoque
376 2711 490 2773 rectius
519 2709 640 2788 marari
667 2725 758 2789 qnam
784 2709 851 2770 aeui
880 2707 1008 2771 videtur.
1049 2710 1164 2775 Paetus

61 2815 165 2872 antem
186 2808 285 2887 sigma
301 2806 518 2889 producendae
545 2805 731 2886 penultimae
752 2806 943 2884 geminasse,
971 2821 1034 2867 non
1062 2809 1163 2870 solnm

59 2900 230 2987 τιῳάσσιος
250 2904 399 2987 ostendit,
426 2904 464 2968 de
487 2921 547 2984 quo
570 2904 648 2968 c.1.
672 2910 701 2977 s.
724 2903 750 2965 1.
772 2901 885 2963 dictum
917 2907 966 2961 est
994 2902 1164 2965 sedetiam

58 3004 137 3068 urbs
159 3002 274 3082 Lydiae
303 3019 393 3083 quum
421 3002 582 3065 Hierocles
610 3000 640 3063 in
663 2996 794 3078 Spuecd
817 3014 842 3059 o.
864 2996 913 3059 23.
936 2993 1082 3079 Κεράσηυ
1103 3016 1164 3062 vo-

57 3109 121 3183 cat,
143 3100 272 3164 Nonnus
293 3117 368 3163 vero
390 3098 507 3163 xxiii.
528 3098 598 3162 234.
622 3096 781 3177 pluraliter
802 3089 973 3172 Κεράσσας.
1009 3090 1112 3170 Ἴασος
1132 3099 1164 3160 in

56 3197 248 3263 carminibus
271 3198 322 3261 ubi
342 3198 462 3277 legitur,
484 3195 616 3258 tribreve
643 3202 701 3271 est,
723 3192 780 3256 sed
798 3185 907 3266 Ἰασσίς
928 3197 1088 3274 usurpavit
1110 3197 1164 3259 si-

55 3299 133 3362 lent.
162 3296 273 3376 Eoplrr.
302 3296 335 3358 ll.
365 3293 432 3358 179.
485 3288 642 3365 Τεθασσός
669 3293 776 3354 mirum
806 3298 854 3354 est
883 3291 963 3370 apud
991 3295 1162 3370 scriptores

54 3394 197 3460 numeris
226 3394 349 3458 solutos
378 3406 530 3472 persaepe
557 3390 616 3469 legi
639 3407 696 3469 pro
717 3384 862 3463 τεθασός,
891 3388 974 3466 qnod
1001 3396 1162 3469 poetarum

53 3495 225 3559 atticorum
252 3499 282 3554 et
309 3497 481 3554 exterorum
514 3488 699 3552 testimoniis
734 3487 871 3568 plurimis
906 3483 1027 3565 tultum,
1065 3501 1163 3565 nuper

53 3591 153 3656 etiam
180 3589 241 3651 illis
271 3587 390 3652 restitui
419 3592 562 3664 coeptum
590 3592 639 3648 est
667 3603 695 3647 v.
723 3581 900 3648 Schneider.
933 3578 972 3643 ad
1000 3579 1074 3642 l‘lat.
1098 3580 1161 3644 Cir.

54 3691 92 3753 T.
117 3687 167 3750 lll.
191 3704 219 3767 p.
244 3687 311 3750 177.
353 3683 419 3747 Nec
443 3684 543 3745 minus
572 3683 633 3746 late
661 3683 745 3745 duxit
774 3696 872 3759 aeque
893 3679 1039 3741 uitiosum
1051 3670 1162 3754 Ἔρεσ-

52 3801 123 3858 σος.
167 3782 311 3860 Systolae
333 3779 503 3860 exemplum
526 3788 572 3842 est
591 3780 744 3843 Leucosia
764 3782 908 3856 correpta
922 3772 1058 3837 secunda
1073 3770 1160 3837 Ouid.

53 3886 133 3948 lllet.
155 3879 216 3942 xv.
238 3879 307 3943 708.
332 3879 385 3942 Sil.
407 3878 471 3941 ltal.
493 3878 568 3940 vill.
590 3875 659 3940 578.
681 3875 732 3937 ubi
753 3873 891 3937 nonnulli
911 3871 1063 3934 Leucosia
1084 3868 1163 3933 sul)-

53 3983 198 4045 stituunt.
249 3975 312 4040 Sed
344 3976 474 4038 maxima
506 3975 664 4038 eontentio
690 3973 833 4035 consistit
865 3971 947 4033 eirea
980 3968 1104 4031 nomina
1131 3968 1163 4031 in

52 4060 344 4078 a*—

54 4092 146 4150 ασος,
168 4091 258 4157 ησος,
280 4090 346 4147 ισος
367 4073 517 4136 exeuntia.
559 4072 636 4135 Nam
658 4067 740 4151 quod
762 4067 952 4133 Schnbartus
974 4073 1006 4131 et
1025 4066 1163 4131 Walzins

54 4177 254 4255 scripserunt
280 4174 312 4236 in
338 4172 437 4236 Prnet.
465 4169 638 4233 Pausaniae
664 4186 694 4249 p.
721 4165 793 4230 llLl.
826 4166 949 4229 nostris
984 4161 1097 4230 diodus
1128 4166 1163 4227 io

95 4287 359 4349 messuramonp.
915 4260 957 4328 28
