2648 4756
170 334 242 401 m
506 321 834 392 nissnttrllrlo
870 316 948 389 vlit

174 491 408 578 ἔμροοθίδιος,
429 488 593 571 μαρίδιος,
618 484 719 565 ἀΐδιος
740 490 812 572 (pro
834 483 961 569 o’reldtoc)
983 481 1067 550 oden
1084 480 1138 567 ρέα
1158 481 1276 568 ῥηίδιον

172 592 317 674 ΔροΙΙοο.
339 590 377 652 de
390 588 466 652 Adr.
480 607 509 669 p.
523 590 594 653 567.
615 605 745 669 quornm
761 589 917 651 nonnullis
934 590 1112 667 praejacent
1126 583 1277 665 udjeotiru

174 688 333 766 dalodcoc,
362 683 532 767 πρόςθιος,
566 692 626 749 tom
648 687 738 749 simili
759 687 839 750 inter
860 703 894 750 so
916 685 1141 765 significatione
1159 689 1193 745 ut
1214 679 1278 745 dis-

173 789 258 853 cerni
279 804 342 850 non
364 790 498 868 possint,
519 804 577 850 neo
593 784 683 848 uideo
700 800 760 864 quo
774 786 892 847 ratione
905 782 1074 846 lucensius
1088 780 1128 844 ad
1140 780 1276 844 Philostr.

174 902 205 968 p.
225 884 295 950 tlt.
316 881 356 947 τὰ
371 881 549 948 ἐντοσθίδια
562 885 659 963 magis
678 882 788 962 probet
806 899 896 963 quom
911 877 1066 946 ἐνοόοθια,
1095 879 1169 943 Atia
1184 878 1277 942 asub»

174 984 319 1047 stuntiris
345 985 393 1046 uel
420 986 538 1063 primun
566 982 782 1045 declinationis
814 978 966 1062 μοιρίοιος
991 978 1088 1059 Soplt.
1116 976 1278 1059 νυμφίδιον

173 1080 247 1146 lior.
276 1080 326 1144 rel
353 1081 508 1146 secundun
534 1079 694 1162 τνμβίόιος
720 1078 813 1159 Orpln
842 1073 984 1152 ὑανίοιος
1010 1077 1103 1140 Antlt.
1133 1082 1278 1138 nnentro

176 1180 258 1259 ζῶον
278 1195 334 1241 seu
356 1174 449 1256 ζωιον
468 1178 589 1258 ζωίδιος
608 1174 722 1250 κύκλος
745 1178 830 1240 Anat.
851 1177 921 1241 543.
942 1192 1001 1258 pro
1023 1191 1086 1257 qno
1096 1174 1229 1238 Vossius
1248 1179 1277 1236 et

176 1277 381 1341 Buttmannus
408 1277 539 1354 ζωωῑων
563 1275 729 1355 genitivum
756 1273 852 1337 scribi
884 1274 993 1337 uolunt
1018 1273 1093 1337 illud
1123 1271 1279 1353 analogice

179 1390 292 1455 expers
313 1376 383 1455 ruti,
405 1375 485 1440 laiso
507 1374 628 1456 quidem
650 1380 684 1435 nt
705 1388 744 1435 ex
763 1373 876 1435 ceteris
897 1379 999 1452 potct3
1028 1372 1078 1435 rol
1099 1373 1212 1434 tertiae
1229 1392 1278 1433 αν

177 1470 300 1553 πρίονος
316 1474 408 1536 ΛοιΙι.
421 1472 539 1555 ληίὸιος
551 1472 629 1553 Ορρ.
641 1468 797 1552 μητρίδιος
811 1468 970 1551 Aristoplr.
992 1476 1023 1533 et
1042 1470 1200 1550 gentilicio
1220 1462 1280 1532 Ad-

177 1570 282 1650 tidros,
300 1571 473 1649 Βονλίοιος,
494 1570 676 1647 Ammonos,
704 1568 867 1649 Ψωφίδιος
884 1585 951 1632 cum
975 1568 1102 1650 proprio
1120 1564 1278 1643 Ἐλπίδος.
1321 1632 1323 1649 ,

176 1671 248 1736 Alio
275 1671 314 1734 ab
343 1670 504 1748 adjectivis
533 1666 663 1748 ὄρθριος
688 1660 865 1747 ὀρθρωως,
894 1661 1013 1749 φωριος
1039 1667 1206 1749 occidens,
1235 1686 1281 1751 γι-
1321 1656 1323 1733 l

178 1766 303 1839 νέθλιος
328 1766 531 1846 γενεθλίους,
559 1782 639 1845 qtae
669 1767 770 1827 omnin
795 1765 828 1827 in
848 1766 938 1830 nuth.
960 1766 1101 1845 leguntur
1121 1774 1154 1830 et
1177 1783 1196 1830 o
1217 1766 1280 1847 pri-

176 1865 291 1929 mitivis
312 1864 379 1925 suis
401 1879 463 1925 non
485 1865 582 1943 magis
604 1862 750 1926 distincto
776 1869 849 1926 sunt
868 1880 959 1944 quom
979 1864 1091 1945 quinus
1112 1872 1188 1929 ento
1208 1880 1280 1929 usne

178 1978 246 2025 snm
273 1958 454 2041 προςθίδιος
481 1968 540 2025 etc.
581 1960 648 2024 Nec
673 1960 774 2024 solum
796 1978 815 2024 u
837 1961 1027 2041 simplicibus
1048 1963 1106 2026 sed
1128 1980 1281 2045 parasyn-

178 2058 263 2122 elota
283 2075 407 2140 quoquo
425 2050 670 2142 ἆποὸειπνίδιος,
691 2056 916 2139 zenopoleos,
937 2055 1164 2141 ἐπικαρκίθιος,
1189 2082 1282 2141 παρι-

177 2157 301 2234 culdeos,
322 2156 588 2238 ααρααλευρίὸιος,
610 2158 730 2239 alioque
752 2157 790 2221 od
811 2158 921 2237 Phryn.
935 2160 1006 2224 557.
1026 2158 1131 2243 eltuto,
1153 2176 1279 2242 qnorum

178 2256 331 2337 primitivo
353 2255 499 2337 pleraque
521 2263 647 2335 ertont3
668 2271 748 2337 quoe
769 2272 832 2319 non
853 2263 959 2319 entunt
980 2258 1047 2321 sino
1062 2257 1126 2321 ullo
1144 2258 1281 2339 periculo
1321 2250 1323 2339 l

179 2355 296 2416 erroris
324 2354 394 2431 tingi
416 2360 558 2433 possunt.
599 2354 657 2416 Est
685 2371 759 2417 voro
786 2354 935 2435 quaedum
963 2356 994 2418 in
1022 2356 1070 2420 iris
1096 2356 1281 2436 differentim

180 2450 355 2531 composita
377 2450 457 2513 enim
477 2452 568 2514 otiam
590 2459 747 2516 oratorum
768 2452 876 2516 usibus
897 2460 970 2532 opto
991 2463 1060 2517 sunt
1086 2450 1282 2519 helmoni

181 2546 248 2621 ὄιος
270 2549 361 2610 Thuc.
383 2543 554 2629 ἐντειχίδιος
574 2551 697 2613 Lucion.
720 2557 778 2614 etc.
800 2569 826 2614 v.
848 2549 1018 2630 ud·Phryn‚
1039 2552 1107 2616 556.
1131 2554 1280 2634 simplicit

180 2652 281 2706 autern
309 2646 412 2724 poetis
436 2648 582 2726 propiora
605 2664 676 2710 esse
703 2647 816 2710 docent
836 2649 1031 2731 subscriptae
1052 2652 1204 2732 exemplis
1225 2670 1280 2715 ou-

180 2742 358 2823 ctoritutes,
387 2745 526 2823 exceptis
549 2751 664 2826 tamen,
692 2753 725 2808 ut
754 2752 864 2809 nutura
886 2750 960 2826 lert,
988 2750 1152 2829 gentilicis.
1194 2754 1280 2814 Μοι-

180 2838 276 2920 χίόιος
305 2833 322 2900 ὁ
342 2836 376 2901 ἐκ
395 2842 453 2904 τοῦ
473 2845 583 2922 μοιχοῦ
603 2838 801 2925 γεγενημένος
820 2846 1025 2910 Antiattiol'sta
1045 2847 1140 2912 Bell.
1162 2866 1192 2930 p.
1215 2849 1279 2914 109.

181 2938 220 3002 ul)
250 2938 406 3002 Hecataeo
437 2949 467 3002 et
488 2939 641 3019 Hyperide
669 2942 781 3005 dictum
804 2944 905 3026 offert,
935 2945 1017 3026 quod
1037 2945 1138 3026 ipsum
1163 2954 1211 3011 est
1231 2949 1280 3010 in-

180 3036 332 3097 solentiae
364 3038 523 3114 cujusdam
560 3039 723 3119 indicium3
760 3041 919 3120 λαθρίόιος
951 3060 1013 3106 non
1046 3044 1279 3123 locupletiorem

178 3129 305 3192 Polluce
327 3130 418 3192 hebet
441 3141 616 3212 auctorem3
653 3138 690 3200 de
711 3138 843 3216 μεοίὸιος
864 3156 935 3204 mox
957 3140 1073 3220 dicum3
1115 3142 1278 3224 αἰφνίδιος,

180 3244 241 3307 quo
268 3227 460 3306 Thucydides
490 3239 520 3292 et
548 3232 632 3293 multi
660 3235 836 3298 interiorum
862 3240 909 3300 usi
940 3246 1027 3319 sunt,
1065 3241 1104 3301 ab
1133 3240 1278 3304 adverbio

180 3325 348 3388 derivatum
370 3334 427 3389 est.
469 3328 559 3390 Errat
580 3330 672 3408 igitur
694 3332 823 3396 Tzetzes
850 3335 980 3400 ediles
1004 3336 1081 3418 Opp.
1107 3338 1279 3403 132211113-

180 3444 235 3503 ρος
255 3422 307 3487 καὶ
328 3426 497 3507 παραγωγῇ
518 3420 740 3512 ὑποκοριστικῇ
762 3426 867 3513 &erup
894 3434 1068 3514 παυρίδιος,
1099 3438 1152 3515 qul
1180 3454 1280 3517 quatt-

180 3527 241 3582 tnm
264 3521 301 3583 de
323 3524 476 3585 altioismo
501 3524 622 3605 tollitur,
645 3535 758 3590 tontum
781 3531 871 3592 obest
897 3538 930 3594 ut
958 3533 1167 3613 hypocorismi
1193 3536 1278 3600 lldem

180 3618 281 3681 iaciat.
326 3619 386 3682 Sed
409 3621 503 3683 multo
525 3623 668 3701 graviore
691 3625 866 3690 difficultate
888 3629 966 3693 hono
988 3633 1202 3710 quaestionem
1221 3636 1278 3696 im-

179 3716 272 3794 plicat
292 3715 458 3779 Herodiani
486 3736 587 3782 sermo
617 3723 856 3788 obscurissimus
886 3727 951 3789 Eli.
975 3727 1043 3810 783,
1065 3728 1114 3792 20.
1143 3724 1278 3794 ὑποπτέ-

178 3830 245 3889 ρων
272 3804 401 3893 ὀνείρων
429 3815 598 3890 Διονύσιος
626 3813 644 3881 ὁ
672 3821 781 3896 Eleon
807 3825 931 3903 πρῶτον
958 3821 1054 3907 ταύτῃ
1087 3828 1124 3910 τῇ
1153 3825 1278 3912 ἐπιβολῇ

178 3904 327 3989 ἐχρήσατο
360 3900 443 3999 ᾧπερ
470 3908 638 3995 ἐχρήσαντο
668 3918 699 3980 οἱ
724 3920 926 4002 γραμματικοὶ
951 3918 994 3998 ὦς
1025 3920 1140 4006 τύμβος
1169 3928 1278 4010 repotii-

178 4002 259 4080 ῠιος,
281 4009 401 4087 παῦρος
418 4011 597 4091 πανρίδιος,
620 4016 742 4097 σχίὸιος,
764 4015 876 4100 πτέρου
894 4022 1053 4104 exceptores.
1085 4014 1199 4107 Ἐχρῆν
1220 4015 1278 4089 οὖν

175 4098 270 4161 εἰπεῖν
295 4101 348 4164 καὶ
367 4101 591 4188 ὑποπτεριδίων
617 4107 694 4196 ὑπὲρ
721 4117 783 4178 τῶν
810 4110 1055 4202 ὖποπετεριὸίων.
1093 4122 1277 4205 Sylburgitts
