2648 4756
171 326 243 395 202
524 323 853 392 nissnttrnrto
879 324 930 391 Vl.

173 485 272 574 erede
288 488 347 551 τοῦ
367 480 496 571 ἐλάφου.
538 486 574 553 ld
595 488 691 571 igitur
709 490 763 555 nte
782 506 823 555 ex
850 485 967 572 ἔλοφος
993 488 1150 554 eoeneum
1173 504 1273 570 euque

172 587 384 655 inminutione
406 585 447 651 ad
465 586 679 668 hypooorismi
699 588 954 669 signidoetiouem
975 587 1133 653 reduetum
1151 588 1275 664 statuit3

174 686 231 752 eed
251 686 375 749 inerunt
394 686 464 749 eine
484 684 579 750 dubio
599 687 733 752 neminie
753 687 846 767 hujus
865 703 922 768 per
941 685 1056 751 mattas
1077 685 1198 766 tinguat
1216 684 1277 749 dit-

175 785 236 847 tuei
255 784 372 865 (Ateer,
394 783 480 865 met,
501 783 616 862 Etm)
635 786 762 866 speeies
774 786 889 850 variae.
933 781 1109 867 Φλὴνοφος
1121 786 1191 850 eive
1203 783 1277 847 sub-

174 884 302 945 stantivi
323 884 384 946 vim
412 882 506 946 nabet
534 882 601 946 aive
629 881 790 965 adjectivi,
817 884 1012 947 manifestum
1038 888 1091 948 est
1117 898 1138 946 a
1164 883 1279 965 φλῆοορ

174 979 345 1045 derivatum
366 997 438 1045 esse
459 988 493 1044 ut
514 981 553 1045 ab
574 977 646 1055 tem
664 978 788 1062 ἔοοφος.
829 981 921 1062 Apud
940 980 1129 1060 ldesvotiium
1151 977 1278 1044 dueen-

177 1086 243 1143 tant
263 1080 365 1161 vulpis
385 1081 511 1145 uomina
529 1080 601 1160 κίρο
621 1087 653 1145 οι
673 1080 816 1161 etum,
837 1078 950 1158 umbus
977 1094 1090 1159 magna
1116 1086 1170 1144 est
1196 1080 1280 1143 eimi-

176 1176 274 1241 titudo
300 1194 370 1241 oum
397 1174 515 1261 κιοάφη
544 1188 575 1244 et
601 1171 739 1258 σκιδάφη
769 1170 789 1258 ἡ
817 1170 944 1258 ἀλώπηξ
968 1176 1081 1243 dread
1117 1184 1151 1242 et
1185 1181 1281 1258 mator

178 1279 271 1341 etiam
292 1293 362 1339 oum
382 1278 543 1360 οοίροφος,
564 1275 648 1359 qnod
679 1274 905 1355 Glossograptii
934 1270 1160 1358 καιούρρωμα
1183 1278 1281 1340 iuter-

177 1382 339 1456 pretuntur
369 1381 401 1439 et
428 1376 554 1440 verbum
581 1379 745 1454 σκοραφεῖο
768 1378 1049 1457 ιοκοαρογμοιοῑν,
1076 1373 1165 1456 quod
1191 1374 1280 1438 latine

177 1475 341 1555 outptoori
360 1471 520 1538 redderem
540 1474 599 1538 nisi
622 1471 798 1551 Stephanus
812 1477 843 1534 et
855 1471 1035 1538 Eustuttuius
1054 1472 1282 1538 interoederent

179 1573 351 1638 aleatorum
372 1571 588 1636 conventicula
608 1577 650 1634 et.
665 1568 796 1634 ludibria
824 1577 989 1652 σκιροφεῑο
1013 1571 1097 1636 diota
1123 1570 1280 1636 tradentes

180 1688 201 1736 a
229 1674 317 1737 Soiro
347 1671 443 1732 attioe
470 1669 657 1732 nebulonum
686 1665 894 1748 devortieuto3
922 1686 982 1734 nee
1007 1673 1110 1734 minue
1139 1670 1280 1750 ambigua

179 1766 336 1850 οκέραφος
354 1765 494 1846 λοιδορία
515 1772 546 1831 et
566 1761 704 1847 κέροφος
722 1760 901 1846 χλεοαορός,
923 1784 1003 1849 quae
1022 1784 1093 1833 eum
1107 1769 1212 1850 vulpis
1223 1784 1280 1832 no-

179 1868 260 1932 mine
280 1867 414 1945 κὶραφος
433 1863 588 1946 quomodo
611 1862 769 1927 eonettieri
791 1865 914 1944 possint
935 1873 1065 1948 apparet
1085 1885 1125 1932 ex
1147 1865 1279 1950 eoquod

179 1960 278 2046 οοηκὰς
301 1956 428 2044 ἀλώπηξ
454 1962 627 2043 explioetur
655 1956 838 2040 κακοποιός,
872 1961 1057 2046 κακολόγος,
1089 1960 1279 2048 mommo,

180 2063 282 2146 quetis
311 2069 361 2126 est
387 2063 419 2123 in
446 2061 600 2142 apologie.
647 2062 810 2143 Koovumtc
836 2063 965 2127 melleus
983 2060 1015 2129 'a
1034 2060 1142 2145 κρούω
1163 2061 1278 2146 andree

181 2158 333 2244 Κόλαφος
350 2160 442 2241 alapa
463 2160 600 2223 tortasse
621 2176 640 2223 a
660 2155 781 2241 κόπτω,
802 2159 882 2225 undo
902 2157 1014 2236 κόσοορ
1032 2157 1070 2225 τὸ
1092 2158 1232 2246 ῥάπισμα
1250 2164 1279 2227 in

180 2262 299 2326 novitio
326 2273 490 2337 eermone;
517 2251 658 2339 κόραρος
688 2255 774 2339 ὄρνις
799 2252 888 2332 ποιός
914 2259 987 2323 Hes.
1012 2260 1166 2325 ineertum
1195 2278 1235 2326 an
1262 2278 1279 2325 e

182 2361 310 2424 eorvino
333 2372 463 2437 geneum
490 2351 631 2438 κάλοφος
657 2359 724 2422 sive
745 2350 926 2438 ἀσκάλοφος
945 2358 1037 2437 vulgo
1058 2366 1177 2423 noctua
1199 2361 1280 2425 eooi-

183 2459 274 2538 pitur,
295 2454 351 2520 sed
380 2454 469 2516 utitor
496 2451 628 2519 Gtoseae
655 2450 819 2538 ἀοκολοὶφη
846 2458 937 2520 oeeto
965 2457 1092 2535 aeonio,
1120 2457 1207 2538 quod
1234 2465 1280 2523 est

181 2556 317 2618 ituiieum
347 2554 498 2628 οοοορρίο
532 2552 704 2633 (benessio)
734 2561 765 2617 et
791 2561 863 2618 suut
894 2555 1004 2634 quibus
1033 2551 1141 2617 eadem
1168 2557 1280 2619 evisa

181 2650 368 2713 Nemesiano
397 2648 549 2727 soolopan
583 2649 764 2730 (penultimo
792 2652 900 2732 ionga)
927 2652 987 2715 diei
1013 2651 1155 2715 videatur
1183 2659 1216 2717 et
1243 2654 1279 2717 ab

182 2745 353 2811 Aristotele
383 2738 573 2823 ἀσκαλοὸοαξ.
614 2750 732 2828 Agmen
759 2765 985 2831 paragogorum
1013 2749 1159 2814 claudunt
1188 2753 1280 2816 verbe

181 2840 352 2930 tedae&
379 2848 410 2907 θί
434 2845 602 2930 dedendo,
633 2864 762 2926 quorum
797 2856 916 2912 stamen
944 2850 1104 2913 continent
1129 2850 1281 2930 primitiva

99 3016 103 3024 .
182 2938 253 3026 udo
274 2949 305 3007 θί
326 2936 409 3019 ete,
431 2942 602 3026 subtemen,
623 2951 656 3007 ut
678 2946 724 3008 sie
746 2944 882 3028 dixerim,
904 2948 1042 3012 derivata
1060 2941 1142 3030 μὴλη
1164 2946 1280 3024 etudi-

183 3045 228 3103 tou
248 3041 305 3103 sed
328 3041 500 3103 terminatio
523 3058 591 3104 oum
611 3042 689 3122 ipsis
710 3051 783 3105 natu
805 3051 862 3108 est.
904 3045 938 3109 Si
959 3047 1028 3126 quis
1049 3062 1124 3109 vero
1157 3048 1280 3111 miretur

184 3151 240 3199 our
260 3134 374 3196 nuttam
391 3137 546 3199 nominum
564 3140 688 3218 generis
709 3142 847 3204 neutrius
869 3159 1013 3223 purorum
1026 3144 1216 3210 mentionem
1235 3147 1281 3210 te·

184 3231 288 3313 oerim,
307 3247 387 3310 quae
407 3233 588 3298 Eustathius
609 3254 638 3317 ρ.
661 3234 732 3318 492,
752 3236 802 3300 33.
826 3238 895 3303 truie
922 3256 1037 3304 nauseo
1063 3241 1223 3328 implicat,
1248 3241 1280 3309 tx

182 3328 238 3412 vde
270 3324 384 3412 κόρσης
412 3328 587 3414 παράγουσι
613 3329 669 3397 etv
695 3329 856 3417 κρόταφον
881 3331 924 3411 ὦς
949 3333 1064 3420 κουσόε
1096 3337 1280 3425 κουσᾶφων,

183 3422 277 3504 ξύλον
302 3423 472 3511 ξολοὶφιον,
500 3433 640 3513 equidem
661 3432 754 3517 haee,
784 3441 818 3498 ut
840 3435 995 3516 dicuntur,
1021 3436 1231 3506 deminutivu⁴
1252 3448 1280 3506 et

248 3704 279 3772 3)
293 3702 442 3773 metuente
457 3721 552 3764 vereor
567 3723 601 3765 ue
619 3710 795 3769 Schnetderus
815 3713 931 3782 tinuerit3
950 3714 1110 3784 φληνοφεῒν
1133 3720 1207 3788 quud
1232 3736 1280 3776 eo-

184 3783 270 3839 dteum
290 3790 443 3844 auctoritate
463 3804 497 3845 ex
513 3791 688 3861 Aristophane
711 3800 738 3851 et
760 3795 843 3852 Sutda
866 3801 1063 3855 exterminatum
1086 3806 1143 3869 est,
1172 3807 1281 3860 retinent

182 3864 296 3922 thomae
314 3867 349 3922 tt.
369 3870 428 3925 libri
447 3872 480 3927 ad
496 3888 576 3927 uuum
595 3890 685 3932 omnes
703 3881 730 3932 et
747 3884 873 3935 sustentat
895 3879 1085 3949 quodammodo
1107 3886 1208 3941 vicinia
1231 3901 1279 3941 uo-

182 3948 259 3999 minii
277 3947 431 4020 ettonem.
450 3970 502 4022 ouo
520 3957 676 4013 adminicuto
692 3961 835 4028 μηλοφεῖν
852 3961 1003 4017 destitutum
1022 3969 1071 4019 est.

202 4105 209 4125 ἱ
246 4026 276 4092 t)
294 4030 414 4101 Υιάφων
430 4035 641 4109 ὑποκοριστικῶς
650 4041 744 4104 fittetoe
756 4043 840 4098 Glosu.
856 4044 976 4100 Graecei.
990 4045 1173 4115 theognostus
1187 4066 1213 4120 ρ.
1224 4051 1276 4108 tet.

179 4103 230 4159 dua
245 4108 295 4177 ‘lt
314 4111 345 4163 ad
361 4117 539 4185 πρωτότοκον
557 4121 586 4175 vd
603 4125 630 4191 ὗ,
647 4123 677 4178 vd
696 4124 841 4197 οὐδέτερον
858 4123 906 4177 ee
925 4125 954 4178 td
970 4114 1062 4197 Eae—r
1075 4134 1194 4200 γίνεται,
1211 4149 1275 4203 χρυ·
