2648 4756
161 310 225 389 Μ
501 305 841 376 ntssnnnnnto
874 305 926 375 ut

166 459 222 527 Sio
235 459 328 526 etiarn
350 450 551 541 δρνιήοιριος,
574 457 660 541 quod
675 457 768 525 Antia
794 456 845 523 nt
865 456 938 525 ota
957 454 1133 521 restitutum
1150 458 1200 519 est
1215 470 1275 536 pro

167 557 274 639 inepto
295 549 492 640 δροπὴοιμορ,
512 556 554 623 ab
574 558 723 623 inusitato
744 549 861 639 δρνιδρ
880 555 1051 622 derivatum
1072 551 1192 616 uidetur
1214 552 1276 616 ob-

168 662 315 720 rersante
345 657 482 721 tortasse
509 656 616 737 speeie
644 656 799 738 partieipii
825 654 938 719 neotiei
963 647 1163 735 ἀρνπήμενοο.
1214 650 1277 743 Ce-

170 761 268 819 terum
290 761 457 820 excusatur
477 756 616 821 novitate
636 754 786 819 auotoris.
828 753 897 818 iioo
917 750 1023 817 innius
1043 750 1103 817 sed
1122 749 1204 816 idem
1224 767 1278 814 re-

169 854 289 918 oeutius
311 860 360 919 est
376 849 599 938 θπνοπήοορορ
631 847 869 933 Πεπαρεδοιρον
887 845 1065 934 εδφρνοπον
1085 844 1185 931 σαφές
1205 848 1277 923 Hes,

170 951 306 1017 tortasse
324 950 539 1035 ποπορήοιμον
560 950 757 1018 seribendum
777 967 798 1016 a
816 953 964 1031 πεπαρεῖν
983 943 1152 1032 meppea)
1174 954 1209 1011 ut
1227 968 1277 1011 πε-

168 1045 292 1133 πορήοοο
312 1069 331 1114 a
352 1053 448 1116 verbo
469 1052 584 1139 περᾴν,
606 1047 687 1114 unde
707 1045 894 1128 διαπρύσιον
915 1047 1000 1129 qnod
1021 1047 1101 1113 idern
1120 1047 1277 1129 interpre-

171 1152 253 1212 tatur
273 1144 513 1232 improspere
542 1144 747 1228 ἐξώπονοπον,
775 1147 946 1228 eodemque
975 1147 1132 1228 pertinere
1157 1144 1277 1209 ridetur

173 1248 327 1328 Ποιοροῑν
346 1247 458 1313 δοῦναι
475 1243 756 1330 οιΠεπορνδμένος
776 1240 921 1329 φανερός.
946 1240 1179 1327 ‘rapotonem
1196 1242 1277 1329 quod

171 1343 380 1411 Schneiderus
413 1348 501 1413 atiert
535 1364 575 1425 οιι
606 1346 733 1413 toedere
766 1346 1039 1428 ffiorapptntorum
1066 1352 1211 1425 tanquan
1234 1342 1274 1407 ab

170 1437 309 1526 ἄχθομαι
334 1444 536 1530 deelinatum,
573 1444 651 1511 nihil
676 1444 759 1509 atiud
793 1451 843 1509 est
869 1462 961 1526 quom
987 1438 1205 1524 ὑπεκθέοιμος.
1236 1475 1276 1487 -

171 1540 260 1607 Ηιιιο
288 1550 391 1609 autem
417 1544 704 1610 numerosissimum
733 1542 902 1608 verbalium
937 1542 1076 1609 ordinem
1103 1542 1277 1621 importune

172 1640 366 1722 interrumpit
393 1658 587 1724 paronpmon
607 1643 640 1705 in
659 1640 849 1705 Philemonis
869 1658 963 1706 versu
982 1641 1030 1706 Fr.
1053 1658 1083 1722 p.
1104 1640 1176 1705 377.
1202 1633 1278 1721 ”Ap-

171 1758 238 1820 πεμι
259 1739 374 1802 τοῦτον
401 1754 453 1803 ooo
478 1735 566 1822 φέρω
592 1735 650 1803 τὸν
669 1731 862 1821 ἀμφιφῶντα
881 1736 936 1803 καὶ
955 1734 1167 1823 σπονδήσιμα,
1196 1734 1279 1820 quod

173 1834 265 1899 taoile
292 1839 513 1902 exterminatur
533 1837 741 1919 disjunctione
768 1832 909 1921 σπονδὴν
928 1834 993 1921 ἅμα
1011 1838 1078 1923 vel,
1105 1844 1141 1903 ut
1160 1836 1278 1901 Coraes

173 1933 284 2018 sunsit,
304 1929 442 2011 σπονδὰς
462 1932 534 2017 ἅμα,
576 1935 716 2000 Alterum
736 1943 786 2001 ost
797 1938 913 2019 χωρίον
932 1935 1090 2018 δρυμῶδες
1112 1928 1279 1999 Πτελενὶσι-

171 2052 234 2114 μον
253 2029 447 2117 καλούμενον
467 2033 575 2099 Pteieo
594 2035 726 2099 vicinum
746 2036 849 2100 Strab.
865 2036 940 2099 vill.
955 2035 1028 2101 350.
1044 2052 1100 2117 pro
1117 2050 1181 2116 quo
1198 2035 1280 2096 Πτε-

173 2125 315 2195 δοοπινόν
335 2132 531 2197 scribendum
552 2137 628 2214 puto
650 2138 684 2197 ut
703 2132 793 2199 loeus
814 2133 911 2198 Elidis
926 2129 1070 2215 Σαμικόν
1088 2131 1208 2213 dieitur,
1230 2129 1280 2193 vel

178 2224 363 2293 Ππελεδσιον
389 2235 424 2295 ut
450 2225 596 2293 οπεδιόν
615 2226 782 2309 πεδιάοιος,
811 2230 895 2313 qnod
915 2233 948 2294 in
966 2233 1072 2297 Dioso.
1092 2230 1166 2295 Mat
1185 2230 1211 2297 i
1228 2232 1278 2297 ti.

173 2330 346 2411 repositum
367 2334 418 2393 est
438 2344 495 2410 pro
514 2323 700 2410 πεδιάοιμος.
729 2330 827 2411 liupus
841 2331 922 2395 enim
936 2332 1164 2396 terminationis
1174 2347 1279 2395 onem-

175 2426 260 2511 plum
279 2427 394 2491 nultum
416 2428 554 2509 suppetit
579 2430 873 2509 praetereuntium
894 2437 927 2493 et
948 2432 1108 2512 proprium
1132 2424 1278 2492 Πεδιάοι-

177 2546 252 2605 μορ,
280 2542 341 2605 quo
363 2524 455 2589 modo
479 2524 701 2590 Grammaticus
722 2527 821 2593 seeuli
842 2527 951 2593 decimi
973 2530 1074 2611 quarti
1093 2533 1227 2591 uocatur
1253 2545 1277 2589 ι.

176 2621 331 2687 Muetzetl.
359 2620 396 2685 de
419 2622 577 2702 Theogon.
605 2643 634 2705 p.
657 2624 726 2691 295.
748 2643 795 2708 sq.
847 2622 984 2709 Φύζιριος
1012 2621 1093 2709 ὀδμή
1119 2625 1277 2704 Bentlejus

176 2719 243 2785 Nic.
267 2720 321 2783 Th.
344 2718 394 2785 st.
418 2720 564 2802 praetulit
583 2722 709 2804 vulgato
730 2720 872 2806 φύξιμος.
915 2726 979 2791 Sed
998 2726 1058 2790 hoe
1073 2725 1277 2806 eteomposi·

177 2825 239 2884 tum
258 2813 471 2902 ναπαφύξιμος
491 2819 543 2883 illo
567 2822 682 2886 eortius
704 2823 800 2889 est.¹⁶
827 2825 982 2904 Singulari
1003 2826 1053 2889 via
1071 2822 1277 2889 derivataset

175 2918 299 2982 minime
318 2915 410 2982 dubia
430 2924 503 2981 sunt
522 2917 670 3001 paliuros
689 2928 721 2987 et
741 2917 911 3006 γνώριμος,
939 2923 1051 3004 quibus
1078 2938 1161 3003 quae
1182 2923 1277 2987 inter-

175 3032 290 3081 venere
316 3032 491 3101 eonsouae,
517 3016 643 3083 eaedem
664 3028 816 3102 apparent
836 3021 868 3085 in
889 3024 1017 3103 proprio
1045 3019 1177 3086 Φαίδων
1198 3027 1232 3085 οι
1249 3020 1277 3084 in

177 3114 274 3179 latino
303 3131 435 3196 gnarus,
463 3117 625 3199 gnaruris,
651 3133 744 3181 narro
772 3118 918 3201 ρνωρδζο.
964 3121 1095 3189 Desneti
1118 3115 1278 3202 ἐπήτρῳνο

177 3212 223 3295 (et
251 3207 493 3295 πννοπὴιριμος)
527 3214 587 3278 elno
622 3221 725 3294 etpma
750 3217 934 3285 Eustathius
960 3220 1107 3302 proponit
1133 3219 1206 3299 epia
1231 3215 1277 3283 val

175 3304 284 3394 ἧπριον
304 3326 411 3392 parum
432 3310 620 3395 probabilia,
641 3329 701 3377 neo
721 3316 863 3399 probata,
884 3321 919 3383 ut
936 3318 1071 3400 uidetur,
1097 3317 1275 3385 Ptolemaeo

177 3410 230 3491 qui
249 3425 359 3473 vocem
388 3411 470 3475 acuit
491 3410 677 3476 adversante
702 3412 880 3481 Herodiano
902 3416 942 3481 ad
961 3416 997 3483 11.
1015 3414 1120 3481 XVIII.
1143 3416 1217 3483 211.
1241 3410 1276 3481 νδ

174 3502 235 3593 δᾶν
261 3508 306 3585 de
325 3494 404 3590 οἷς
414 3502 495 3593 ὑπὲρ
518 3504 579 3575 δύο
592 3505 746 3594 συῦιιβὰο
758 3513 864 3596 τρίτον
877 3506 940 3578 ἀπὸ
960 3509 1067 3589 omne
1085 3510 1145 3596 ἔχει
1167 3508 1275 3594 ὀξεῖαν.

174 3606 224 3675 td
243 3608 457 3692 euplioandum
475 3603 667 3692 πορπάδιριορ
685 3610 790 3677 Senot
811 3610 868 3679 Oet
883 3612 932 3681 11t
952 3612 1022 3683 tte
1044 3620 1075 3681 et
1095 3614 1162 3679 EM.
1185 3615 1277 3681 muita

243 3858 288 3927 ιδ)
311 3860 377 3923 otro
402 3852 707 3925 &anteponeremus
730 3861 886 3916 sonnatium
908 3862 966 3929 ejus
993 3860 1063 3932 quoti
1082 3861 1179 3920 Cicero
1197 3867 1275 3920 etnam

173 3939 275 4006 supin
291 3939 365 4010 dixit,
382 3953 416 3996 att
432 3938 505 3997 idem
522 3940 592 4009 (ruod
611 3944 639 3996 in
655 3941 777 4011 Alexlplt.
796 3947 895 4014 νέκταρ
913 3943 1073 4015 ἀφύογετον
1092 3954 1210 4015 vocatur,
1228 3948 1274 4001 nm

173 4020 445 4161 ‚esmiffmmm
468 4022 612 4091 indimus,
630 4024 775 4093 ἆφῦσομον
791 4028 837 4079 καὶ
855 4024 1006 4095 (δράσιμον,
1030 4029 1100 4087 baud
1120 4031 1208 4089 facilis
1225 4046 1272 4091 01·
