2648 4756
156 1174 330 1257 Nominum,
352 1190 431 1257 quae
451 1174 522 1240 iunio
543 1174 719 1256 quaestioni
732 1175 875 1256 subjecta
889 1178 971 1257 suut,
987 1190 1079 1257 quum
1094 1176 1180 1237 muta

96 1272 118 1336 it
147 1274 239 1354 eopia
272 1278 306 1336 nt
335 1274 395 1337 nisi
427 1275 542 1354 partita
573 1280 605 1339 et
638 1272 801 1339 distributa
831 1272 980 1337 illustrari
1013 1278 1178 1356 nequeant,

99 1370 252 1433 artitionis
282 1377 383 1435 autern
412 1372 491 1437 ratio
512 1388 574 1436 una
595 1378 750 1455 suppetat,
772 1388 811 1435 er
833 1372 954 1453 etpmis,
975 1371 1088 1451 quibus
1109 1370 1178 1433 sin-

97 1466 149 1529 ula
170 1465 351 1552 adhaerent,
378 1469 553 1535 uniuersam
582 1470 700 1534 turbam
727 1471 759 1532 iu
786 1474 833 1532 tot
861 1470 982 1533 classes
1004 1467 1177 1533 describam

96 1569 151 1626 uot
182 1572 254 1628 suut
282 1566 432 1630 orationis
461 1574 568 1648 partes
598 1567 637 1632 ud
666 1565 898 1650 propagandum
925 1565 1061 1646 habiles3
1089 1564 1176 1628 aosi

96 1661 147 1725 uid
166 1662 349 1727 intereurret
370 1664 512 1748 ambigui,
534 1681 571 1729 oo
594 1673 770 1747 apponetur
783 1664 865 1749 loeo,
886 1664 935 1729 oui
948 1662 1080 1728 mulne
1094 1675 1175 1725 oon-

97 1760 177 1824 rnire
198 1768 251 1825 aut
272 1762 394 1827 minime
416 1762 629 1830 disconvenire
650 1762 811 1829 videbitur.

154 1880 185 1949 §-
216 1874 243 1940 1.
291 1877 340 1941 Ab
367 1876 632 1946 indeclinabilibns
670 1878 729 1943 duo
766 1880 989 1957 processerunt
1023 1868 1109 1957 διχάς
1143 1877 1174 1937 et

97 1964 175 2050 toust
202 1990 281 2054 qnae
309 1976 337 2039 si
358 1976 428 2057 quis
449 1993 469 2039 a
490 1976 601 2041 iuturis
625 1975 731 2059 potius
757 1974 805 2037 sio
826 1976 858 2034 ut
879 1978 1001 2036 veteres
1021 1968 1119 2046 Adue
1137 1966 1172 2035 ἐκ

97 2070 128 2133 ui
147 2063 264 2135 α-ὖλὶσω
284 2070 418 2153 Epimer.
441 2073 539 2138 Grani.
561 2074 582 2139 1.
606 2073 655 2139 15.
675 2068 758 2145 ἐλπίς
778 2069 817 2136 ab
839 2065 947 2145 ἐλπίζω
975 2074 1034 2132 eto.
1058 2088 1086 2133 r.
1107 2068 1171 2132 Pa-

97 2167 137 2233 di.
160 2168 226 2234 122.
248 2169 435 2234 arcessenda
457 2176 545 2252 putet
566 2176 597 2235 et
617 2169 759 2234 similiter
777 2163 875 2243 ψεκάς
895 2184 914 2230 a
940 2160 1083 2244 pendeo,
1110 2180 1170 2229 στι-

97 2261 166 2340 toa
188 2263 336 2349 στοιβάζω
357 2268 423 2333 ΕΜ.
445 2265 588 2332 ostendat
617 2269 742 2346 oportet
769 2282 824 2330 eur
850 2264 1076 2329 eirourudueute
1096 2280 1171 2329 rer-

97 2381 178 2429 nrum
205 2364 380 2445 hujusmodi
408 2367 499 2447 eopia
527 2370 587 2427 tarn
615 2379 716 2443 pauca
737 2365 929 2443 reperiantur
950 2380 1029 2443 qnae
1049 2363 1087 2427 ab
1109 2363 1170 2427 hoe

97 2462 220 2543 rineipio
249 2462 348 2542 repeti
369 2465 507 2544 possint,
535 2460 649 2524 nullum
669 2460 753 2540 quod
774 2476 905 2524 neeesse
926 2462 985 2540 sit;
1006 2478 1075 2525 uam
1101 2464 1169 2525 Θυ-

97 2556 170 2634 doeg
196 2557 299 2623 ἔνθεοι
326 2561 457 2639 Hesyeiu
485 2563 517 2623 iu
543 2555 696 2632 θυστάδες
723 2559 896 2623 mutandum
926 2565 991 2641 est,
1012 2575 1069 2640 pro
1098 2552 1169 2623 οἷον

97 2659 182 2731 notas
209 2659 283 2739 (sie)
311 2653 443 2740 ἀρθεῖσα
468 2659 612 2723 Philostr.
640 2659 751 2736 imagg.
777 2657 812 2719 ii.
837 2656 886 2730 19,
905 2656 977 2721 826.
1002 2657 1168 2721 Jaoobsius

97 2763 153 2818 ota
172 2753 268 2829 θυιὰς
289 2759 410 2836 posuit3
439 2774 497 2821 nee
515 2751 642 2838 βακχιάς
663 2773 681 2816 a
702 2749 859 2835 βακχιάσω
880 2753 1050 2817 derivatum
1071 2755 1127 2818 sed
1148 2772 1167 2816 a

97 2850 201 2934 ἑκχιος.
222 2890 262 2899 -
283 2855 379 2917 Multo
403 2854 491 2935 plura
512 2872 551 2917 ex
572 2853 675 2916 vorbis
703 2851 882 2929 exuberant,
905 2865 984 2927 quae
1005 2853 1077 2928 quia
1099 2866 1167 2911 orum

97 2953 137 3014 iis
159 2954 325 3015 cohaerent
339 2953 471 3032 posthae
486 2951 657 3030 afferendis,
670 2963 864 3011 numerorum
877 2946 960 3008 notis
976 2945 1167 3024 distinguam.

97 3050 198 3112 rirnunr
228 3051 319 3128 igitur
349 3050 389 3125 (it
419 3036 559 3129 apanis:
592 3042 686 3119 θυιάς
711 3040 796 3125 παρὰ
822 3040 859 3108 τὸ
884 3040 958 3107 θύω
985 3044 1166 3129 πλεονασμῷ

97 3149 125 3211 ni
145 3147 161 3210 ῐ
181 3147 337 3227 1111457,
362 3145 407 3209 19.
430 3147 481 3226 qui
502 3147 701 3226 pleonasmus
722 3145 752 3206 in
774 3144 894 3207 aeolico
916 3144 998 3207 θυίω
1013 3143 1168 3223 apparet,²

97 3241 142 3318 ιάς
168 3239 230 3307 ἀπὸ
258 3245 316 3306 τοῦ
342 3246 405 3318 dia
436 3243 539 3308 Schoi.
563 3243 691 3305 Thooer.
714 3243 734 3305 i.
757 3262 783 3306 v.
807 3243 833 3305 1.
855 3240 939 3320 quod
960 3256 1028 3302 oum
1049 3241 1167 3303 Eusta-

97 3346 149 3406 ius
170 3340 306 3425 ἅρῤητον
326 3339 408 3423 ῥῆμα
429 3348 566 3422 voearet,
587 3340 686 3402 suinrn
709 3341 845 3401 tortasse
868 3352 1017 3416 praesens
1039 3344 1168 3415 speeta-

99 3450 120 3522 t,
140 3436 247 3518 πτυάς,
268 3435 382 3517 otonis,
398 3432 482 3511 ‘dido
526 3436 668 3502 Secundo
691 3438 746 3516 (11)
767 3431 901 3516 βοσκάς,
930 3428 1016 3514 ἰσχάς
1042 3449 1167 3516 anoora,

97 3532 194 3616 τινάς,
215 3533 345 3619 putido,
374 3545 405 3601 et
432 3552 512 3616 quae
539 3535 726 3599 Philoxenus
747 3532 814 3597 EM.
835 3531 914 3614 818,
934 3532 984 3597 48.
1005 3547 1073 3594 eum
1093 3526 1168 3605 ψιάς

136 3819 165 3884 1)
189 3817 229 3872 ΔΙ)
253 3814 371 3883 epitheto
390 3814 434 3870 dei
458 3813 532 3870 Educ
546 3812 667 3871 Edonos
682 3814 835 3868 nasceretur
851 3808 956 3866 edonis
972 3808 1015 3865 vel
1040 3803 1166 3863 estanoris

114 3901 229 3957 Θυαντίς
245 3897 388 3957 enarraris.
422 3895 476 3952 Sed
492 3897 612 3951 novimus
629 3894 708 3949 nodo
725 3894 857 3962 proprium
874 3888 1030 3953 Edonidas.

133 3998 164 4064 2)
187 3997 305 4054 Eundem
329 3994 478 4052 ltindorfius
501 3996 630 4050 transtulit
653 3992 688 4048 ad
706 3988 890 4059 παραφυάδες
904 3991 932 4044 in
949 3988 1071 4045 Nicandri
1088 4003 1166 4046 versu

97 4079 164 4135 then.
180 4079 215 4134 il.
233 4082 276 4136 ii.
295 4080 326 4133 1).
345 4078 395 4135 sed
416 4078 567 4136 etruriam
589 4075 651 4145 ‹pdo
670 4074 798 4132 interdurn
814 4073 917 4141 ppsiiou
930 4074 1036 4141 longum
1055 4071 1143 4128 hebet
