2648 4756
178 335 249 404 332
538 328 866 397 olssnurnrlo
888 330 950 397 vit
1016 386 1025 403 .

182 495 384 568 Μακεδονίας
402 493 509 577 Steplu.
530 495 655 576 longum
675 512 783 560 rursus
804 496 837 560 in
858 493 1053 576 appellativis
1072 498 1196 576 praeter
1209 509 1292 556 ver-

182 599 252 667 bale
271 589 453 677 μορμολύκη
472 613 491 658 a
510 589 726 678 μσρμολύσσω,
749 600 780 658 ct
799 588 899 676 σἰλυκὴ
920 610 1045 676 quoque
1066 594 1094 656 si
1108 591 1219 656 Graeci
1235 591 1289 654 di-

180 702 293 762 xerunt
305 712 361 775 pro
376 687 553 776 dtzpvjmon
567 692 674 757 dubito
684 696 757 775 quin
773 692 880 757 eodem
899 690 990 755 modo
1005 690 1290 772 pronunciaverint,

181 795 241 859 etsi
269 794 432 874 olncinor,
461 790 544 872 quod
572 791 712 856 Cloatius
739 792 821 874 apud
843 790 971 855 Gellium
998 796 1084 853 recte
1115 805 1154 852 cn
1174 804 1290 869 graeco

180 885 268 956 ἀλύω
290 886 440 973 (ύλύσσυ,
461 883 683 973 ἀλαλύκτημαι)
707 892 819 954 iactum
840 888 924 971 dicit,
947 886 1115 951 secundam
1138 886 1289 968 producit.

180 989 312 1071 Propria
329 982 504 1070 Ἀρχίλυκος
527 989 616 1053 Diod.
638 989 659 1053 l.
680 989 730 1054 d'l.
757 982 954 1064 Αὐτόλυκος,
983 987 1141 1067 Apidones
1162 993 1195 1049 ct
1216 990 1290 1066 Aps·

180 1083 281 1170 λύκη,
296 1081 499 1168 Ἑρμόλυκος,
527 1081 690 1162 Ἐπίλυκος
713 1095 771 1152 etc.
794 1088 969 1166 composita
989 1101 1062 1148 esso
1083 1085 1128 1146 ita
1148 1082 1288 1147 concedo

181 1195 215 1251 ut
243 1194 345 1250 tamen
372 1187 505 1266 aliquam
533 1186 571 1251 de
598 1185 728 1265 singulis
751 1185 972 1249 dubitationem
993 1183 1181 1264 relinquam3
1213 1180 1289 1244 illud

182 1293 276 1367 certe,
298 1283 381 1365 quod
400 1285 577 1349 Herodotus
600 1285 705 1365 posuit
725 1283 773 1347 lv.
796 1283 863 1347 tto.
889 1279 1045 1345 Οίύλυκον
1072 1283 1117 1344 ita
1144 1286 1291 1343 vocatum

182 1382 265 1465 quod
287 1391 376 1463 pater
389 1399 458 1446 eum
479 1381 609 1445 dixisset
626 1376 677 1444 ὄϊν
696 1375 732 1444 ἐν
751 1376 871 1444 λύκοισι
891 1375 1206 1462 καναλειφθύσεσθαι,
1235 1394 1289 1440 ar-

181 1483 317 1562 gumenti
338 1483 398 1545 vim
419 1497 482 1544 non
503 1481 612 1557 babet,
636 1494 694 1541 neo
714 1480 860 1543 convenit
880 1480 1048 1543 Amazonis
1069 1478 1185 1542 nomini
1211 1475 1290 1539 Οίο-

179 1577 259 1663 λύκη
287 1579 391 1645 Scbol.
411 1579 513 1661 Apoll.
534 1579 570 1643 11.
591 1577 660 1641 778.
694 1576 759 1641 Nec
780 1576 818 1641 de
834 1573 1028 1659 Ἆρκύλυκος
1055 1583 1087 1641 σί
1105 1570 1288 1656 Ἀρκαλύκη

181 1681 366 1745 constituam
389 1684 489 1739 utrum
510 1674 655 1755 svntbeta
677 1675 738 1737 sint
759 1691 799 1737 an
815 1675 953 1739 derivata
968 1678 1006 1740 ab
1018 1670 1182 1755 Ἅρκύλυξ,
1205 1673 1289 1754 quod

182 1777 295 1843 Suidae
315 1772 502 1838 reddendum
523 1771 642 1836 videtur
660 1789 721 1854 pro·
733 1765 884 1856 Ἆοαύληξ
904 1769 1023 1856 κύριον,
1046 1791 1064 1835 a
1086 1771 1182 1836 verbo
1206 1772 1289 1836 unde

172 1869 289 1956 Ἅσιιη,
305 1866 489 1953 Sipuntem,
510 1864 695 1950 ἁρκύλανος.
742 1870 973 1951 adjectivorum
993 1887 1139 1935 numerus
1161 1871 1290 1950 perexi-

177 1988 258 2053 guus
287 1978 336 2035 est
361 1971 585 2052 proportione
612 1970 767 2032 nominum
794 1972 826 2033 in
845 1958 964 2044 ὗςολύ
990 1969 1189 2047 exeuntium3
1225 1967 1287 2033 dno

180 2069 220 2134 ab
240 2070 402 2151 adjectivis
422 2063 562 2150 θηλυκός
574 2073 605 2130 et
617 2063 781 2145 κλανικός,
804 2068 961 2133 totidema
977 2067 1182 2133 substantivis
1196 2059 1290 2130 ύσιυ·

179 2165 236 2242 κός
257 2175 286 2232 et
309 2162 432 2244 ἁλυκός,
455 2165 512 2230 sed
533 2166 594 2229 boc
614 2182 771 2246 paragoge
793 2167 946 2246 bisyllaba
967 2173 1099 2229 auctum.
1127 2164 1178 2228 nd
1197 2167 1289 2246 origi·

178 2284 248 2333 nem
270 2265 480 2344 andronpmioi
504 2263 685 2344 Θωρυκίων,
707 2264 852 2345 adjectivi
872 2265 1016 2330 defectivi
1035 2259 1162 2337 ἐνόυκές
1183 2271 1216 2328 et
1238 2265 1289 2328 ad-

179 2367 275 2430 verbii
297 2359 447 2437 ίνᾱικέυς
467 2380 578 2427 vereor
601 2379 641 2426 ne
661 2365 712 2427 via
732 2364 864 2444 obsepta
891 2365 953 2442 sit;
989 2379 1047 2426 nco
1067 2379 1184 2443 sequar
1202 2364 1288 2428 Butt-

179 2478 320 2527 mannum
334 2462 429 2526 lmxil.
443 2463 463 2526 l.
479 2461 547 2527 180.
558 2463 609 2542 qui
625 2477 684 2525 nos
700 2460 878 2525 adverbum
892 2457 993 2525 ἐνὸύω
1007 2459 1161 2524 dedocere
1173 2460 1286 2527 studet.

180 2561 241 2626 Sed
259 2565 323 2639 jam
345 2577 384 2622 cn
406 2561 503 2622 tribus
526 2561 771 2624 consonantibus
789 2561 859 2624 huic
880 2559 1091 2624 dissertationi
1110 2563 1285 2641 propositis

178 2673 240 2720 una
263 2662 361 2721 restat
381 2657 555 2736 gutturalis.

630 2854 736 2918 CAP.
765 2854 821 2918 ΙΙΙ.

354 2995 410 3062 De
435 2992 633 3061 nominibus
659 2994 697 3060 in
723 3015 841 3082 -χ-
879 2993 1101 3060 exeuntibus.

261 3158 291 3227 §-
316 3150 341 3215 1.
383 3153 483 3215 Prima
504 3151 543 3215 ad
566 3153 820 3217 considerandum
843 3160 873 3217 et
895 3160 1028 3217 tractatu
1050 3153 1199 3218 facillima
1215 3161 1281 3220 sunl

178 3266 257 3331 quae
288 3250 529 3313 terminationem
547 3238 624 3332 ἷχοὲ
653 3259 747 3314 totam
776 3268 950 3332 paragogae
972 3260 1132 3332 acceptam
1156 3254 1278 3318 babent:

177 3342 263 3430 παρὰ
282 3342 317 3411 τὸ
337 3344 440 3430 κυφός
459 3343 479 3430 ἡ
491 3345 602 3443 κύμβη
624 3342 666 3422 ὡς
685 3346 858 3431 περιφερής.
883 3344 922 3412 ‘0
943 3346 976 3412 δὲ
996 3346 1157 3431 κύμβαχος
1179 3348 1214 3415 ἐκ
1229 3374 1280 3414 κα·

178 3449 321 3530 ραγωγῆς
345 3444 404 3528 ἔχει
430 3443 466 3511 τὸ
492 3471 510 3529 χ
537 3442 580 3521 ὥς
606 3443 679 3528 τιμή
705 3449 838 3529 Τίμαχος
863 3449 1028 3531 Τιμαχίδας
1048 3448 1193 3515 Enslath.
1214 3451 1279 3532 584,

178 3547 227 3611 20.
259 3547 329 3610 Scb.
357 3547 389 3610 ll.
411 3547 444 3611 V.
473 3547 542 3612 586.
573 3545 656 3626 quod
680 3547 873 3611 Timachidae
901 3567 1013 3611 nomeu
1034 3549 1185 3628 inclytum
1206 3552 1280 3612 iuter

179 3645 409 3710 Grammaticos,
456 3640 500 3707 Τὸ
528 3638 626 3723 στόμα
644 3645 699 3725 τῆς
718 3641 850 3726 γαστρὸς
871 3640 1048 3729 ὀνομάζεται
1069 3644 1223 3728 συνήθως
1243 3639 1278 3710 ού

176 3748 240 3818 τοῖς
262 3745 386 3816 πολλοῖς
406 3738 506 3823 μόνον
532 3735 609 3804 ἀλλὰ
636 3739 688 3804 καλ
716 3747 780 3817 τοῖς
807 3743 922 3827 ἰατροῖς
944 3741 1093 3826 στόμαχος
1116 3745 1223 3810 Galen.
1244 3746 1277 3809 de

178 3844 268 3908 Ceus.
291 3845 408 3924 Sympt.
430 3843 451 3906 I.
470 3843 498 3923 7,
522 3840 589 3906 127.
611 3841 643 3904 Τ.
664 3842 725 3905 Vll.
745 3860 834 3923 quem
862 3845 993 3906 nominis
1016 3861 1103 3906 usum
1127 3851 1277 3908 nonanto

175 3941 355 4006 Aristotelis
383 3948 515 4003 aetatem
544 3941 737 4005 increbuisse
765 3940 839 4004 dicit
868 3942 905 4005 de
933 3943 1025 4005 Locc.
1052 3941 1163 4006 nicet.
1194 3943 1229 4006 V.
1249 3942 1275 4006 5.

178 4056 207 4120 p.
230 4039 299 4102 332.
323 4041 355 4104 T.
377 4039 451 4102 Vlll.
473 4039 518 4102 De
538 4038 672 4102 llomero
694 4044 787 4118 negat
809 4039 911 4102 Schol.
934 4040 966 4103 ll.
986 4039 1075 4103 xvii.
1096 4041 1149 4104 tr.
1172 4036 1276 4122 στομύ·

175 4157 244 4218 χοιο
263 4131 401 4217 θέμεθλα
421 4129 461 4199 ού
487 4130 564 4218 λέγει
589 4129 626 4201 cd
646 4131 744 4219 στόμα
766 4135 821 4220 τῆς
842 4137 959 4213 κοιλίας
972 4130 1050 4200 ἀλλὰ
1069 4132 1126 4202 τὸν
1146 4137 1276 4224 βρόγχον
