2648 4756
104 331 174 400 aaa
451 321 775 391 nissaararro
804 324 867 391 vn.

107 493 284 562 ollandimus
305 481 450 568 στέλεχος,
479 486 563 567 quod
584 505 676 569 quum
698 490 872 570 Hesychius
892 491 1002 565 στῦλος
1020 491 1213 572 interprete-

109 602 166 673 tur,
194 587 284 652 simul
310 602 370 650 nos
391 585 536 649 admonet
557 588 688 650 alhnium
710 586 820 671 στήλη,
849 584 979 664 camede.
1020 587 1214 668 Adiectirmu

108 681 247 769 ἑντρτχής
267 686 332 750 Eli.
355 688 561 768 compositum
583 685 656 749 dicit
676 703 694 748 a
713 683 826 768 τρέχω,
849 691 938 767 cuijus
962 688 1117 776 primitivo
1137 681 1215 767 τρέω

108 788 273 852 subnatnm
295 792 342 848 est
355 781 484 868 ὀτρηρός
497 784 596 848 simile
615 786 678 848 tere
694 794 786 867 atque
798 785 871 848 illud
884 786 1113 866 significatione
1122 802 1215 866 prae-

108 885 212 949 ditum.
253 884 386 948 Literam
413 892 462 947 eta
489 899 581 945 unum
609 883 732 945 exhibet
755 876 896 965 Ἀῥρηχοί
916 884 1021 963 gentis
1043 886 1214 949 maeoticae

107 1001 239 1066 nomen,
265 981 347 1063 quod
375 980 521 1044 Straboni
547 981 720 1042 restitutum
749 982 1214 1048 esrx1.ltl⁵.accentonor

108 1099 147 1147 eo
174 1097 264 1162 quem
292 1078 443 1143 Arcadius
471 1078 584 1159 poscit.
623 1070 747 1161 Ἀζηχής
773 1083 877 1161 potius
904 1098 943 1144 ex
970 1074 1097 1162 ἀνοχῆς
1117 1090 1215 1146 ortnn

108 1180 200 1262 quarn
221 1179 260 1242 ab
281 1173 343 1257 ἔξω
363 1182 448 1242 sicco
470 1177 636 1241 derivatum
654 1177 783 1240 videtur.
818 1179 883 1242 Nec
904 1177 1089 1260 diphthongi
1109 1179 1158 1242 hic
1179 1197 1214 1245 se

106 1280 347 1343 immiscenl-
304 1271 409 1340 -τᾶ
428 1263 547 1350 εἰς’-
489 1297 543 1358 χος
556 1296 596 1337 ου
586 1268 737 1337 ’θέλουσι
757 1278 795 1359 τῇ
816 1298 842 1340 ει
867 1270 1106 1370 mapalrjpeodm
1123 1275 1216 1358 χωρὶς

108 1377 166 1441 τοῦ
185 1384 280 1456 τεῖχος
299 1371 437 1439 καὶτῶν
455 1367 526 1457 παρ’
548 1366 647 1436 αυτοῦ
670 1373 804 1454 Theogn
825 1375 894 1439 294
915 1368 955 1437 τὰ
975 1373 1018 1448 εἰς
1037 1396 1079 1457 χι]
1100 1397 1141 1439 ου
1128 1368 1216 1440 ’θέ-

107 1478 198 1539 λουσι
224 1475 263 1556 τῇ
291 1495 318 1537 ει
344 1468 575 1556 πνοαλῆγεσθοι
601 1472 702 1535 Arion
734 1472 772 1536 de
801 1471 1213 1548 Quanttt.cram.1l.302.

108 1573 193 1656 quod
220 1573 300 1637 idem
328 1574 410 1636 valet
430 1572 468 1636 de
489 1572 678 1653 diphthongo
699 1590 742 1632 ον.
785 1571 847 1636 Sed
869 1587 907 1634 eo
931 1570 1042 1635 laetius
1065 1574 1216 1638 exuberat

108 1673 200 1736 litera
218 1673 281 1733 iota
302 1673 468 1750 praecipue
483 1673 515 1731 in
533 1669 694 1733 vocabulis
710 1668 838 1733 aeolicis
861 1669 1054 1750 doricisque:
1076 1665 1143 1735 απὸ
1158 1675 1216 1737 τοῦ

107 1763 228 1847 ττοῤῥός
248 1762 398 1847 addamne
417 1760 497 1830 κατὰ
518 1787 717 1849 aopoporppu.
763 1761 851 1841 Ίὶνὲς
870 1764 1091 1848 παροξυτόνως
1110 1766 1217 1853 depau-

108 1880 167 1929 σιν.
201 1859 308 1928 Εστιν
334 1852 394 1930 οὖν
420 1857 661 1947 ὖνονιοριστικὸν
688 1860 852 1939 αἰολινοῖς2
879 1865 983 1930 Schol
1007 1867 1138 1934 Thebon.
1166 1872 1214 1936 lt

107 1962 158 2029 20.
181 1963 214 2027 ld
235 1980 289 2027 cur
306 1961 472 2042 Gregorius
494 1962 619 2027 doricae
641 1962 832 2026 adscriberet
852 1963 985 2028 dialecto
1006 1966 1143 2032 ramasse
1164 1970 1216 2033 ni-

107 2061 150 2125 hil
178 2060 259 2126 aliud
287 2061 416 2124 rationis
438 2061 543 2124 habuit
562 2076 653 2141 qnam
680 2062 753 2142 quia
774 2062 855 2142 apud
877 2062 1073 2127 Theocritum
1092 2065 1214 2152 legitur,

106 2166 160 2223 ant
181 2159 264 2241 quod
284 2158 459 2223 Athenaeus
480 2159 556 2222 xlv,
579 2158 648 2223 613.
669 2160 703 2223 h.
725 2161 881 2240 proprium
906 2155 1065 2242 Πύρόιχος
1076 2163 1214 2228 Lacom-

106 2257 153 2322 cis
174 2257 322 2321 familiare
343 2272 415 2321 osse
440 2257 558 2320 scribit.
609 2257 771 2337 hdcctivo
801 2259 879 2320 enim
904 2259 1094 2326 Aristoteles
1121 2272 1213 2345 atque

105 2355 157 2420 alii
179 2357 227 2418 usi
248 2360 321 2418 sunt
342 2371 515 2420 semerom
539 2356 622 2435 vulgi
649 2363 816 2434 soquentes
839 2372 939 2436 neque
959 2366 1090 2438 apparet
1111 2369 1213 2427 utrum

105 2452 260 2517 birotum
287 2452 525 2532 signiucaverim
553 2470 593 2516 an
621 2453 752 2517 rotulum
779 2452 828 2516 vel
850 2455 1025 2535 subrutum,
1053 2459 1127 2537 qnia
1150 2476 1211 2543 res,

107 2549 279 2629 dequibus
307 2549 489 2632 loquuntur,
517 2567 580 2615 non
608 2551 665 2614 sub
695 2550 804 2614 oculos
830 2554 964 2616 veniunt.
1010 2553 1088 2618 lllnd
1110 2563 1211 2621 tannen

107 2662 163 2727 pro
185 2651 269 2708 certo
292 2647 366 2724 poni
387 2654 493 2725 potest
509 2647 745 2712 deminutionem
762 2648 991 2732 adjectivorum,
1013 2668 1095 2731 quae
1115 2654 1211 2718 latino

107 2745 242 2808 sermoni
270 2743 521 2828 familiarissima,
549 2748 660 2810 Atticis
686 2747 838 2809 insuetam
866 2764 903 2810 ac
931 2765 968 2810 nc
996 2750 1212 2816 incommune

106 2841 228 2924 quidem
258 2850 413 2923 receptam
443 2844 539 2907 luisse
567 2844 623 2908 sed
650 2846 778 2907 haerere
804 2845 834 2905 in
863 2845 972 2908 linibus
1001 2845 1139 2911 Dorismi
1160 2849 1211 2912 ubi

105 2936 251 3022 ἃριμύλος
272 2947 303 3003 et
323 2936 479 3022 μικκύλος,
502 2941 540 3004 de
562 2944 673 3023 quibus
696 2942 767 3004 alibi
784 2940 854 3005 dixi.
896 2941 1094 3024 Quapropter
1109 2948 1211 3012 Scho-

106 3038 199 3098 liasta
219 3040 360 3114 Dionysii
382 3056 410 3118 p.
431 3039 501 3103 862.
522 3042 625 3103 varias
648 3040 900 3104 deminutivornm
923 3042 1047 3120 species
1076 3060 1210 3122 percen-

106 3147 197 3212 sens,
224 3131 306 3192 illius
329 3136 552 3199 terminationis
574 3138 685 3201 nullam
707 3139 890 3201 mentionem
912 3138 1027 3216 injecit.
1068 3141 1134 3204 Sed
1154 3136 1210 3205 ὁο-

105 3229 189 3310 σίχος
214 3227 325 3308 legitur
357 3232 389 3292 in
417 3231 573 3297 Theocriti
600 3237 733 3298 carmine
769 3234 899 3299 dorico³
924 3235 1017 3316 idque
1044 3241 1208 3303 manifesto

106 3328 257 3408 signifieat
278 3330 468 3412 quantulus,
496 3332 555 3394 etsi
576 3332 748 3412 Hesychius
773 3332 852 3395 idem
872 3333 1034 3397 vocabulis
1055 3335 1209 3402 absolutis

105 3421 197 3504 ὅσον,
218 3419 334 3507 ἡλίκον,
357 3427 485 3492 reddere
507 3439 636 3493 coactus
658 3440 707 3494 est
721 3433 800 3493 sicut
818 3432 954 3511 τοσοίχον
967 3432 1138 3514 (τοοοίχον)
1159 3437 1209 3497 in·

105 3531 292 3606 terpretatur
318 3523 445 3607 μικρόν,
480 3544 536 3609 pro
565 3546 625 3608 quo
662 3529 889 3608 Auistophanes
922 3530 1098 3592 τυννοῦτον
1124 3532 1208 3597 dixit.

104 3621 260 3704 Κάὸδιχος
281 3623 362 3701 qnod
383 3625 518 3687 lloenius
540 3626 579 3689 ad
602 3627 690 3705 Grcg.
712 3626 781 3690 292.
805 3626 842 3690 ad
865 3626 1049 3690 deminutiva
1066 3628 1209 3694 laconico

103 3725 207 3804 refert,
228 3737 290 3786 non
312 3720 461 3786 καδίσκον
481 3723 537 3788 sed
559 3730 675 3788 certam
692 3724 843 3805 quandam
857 3741 1030 3790 mensuram
1046 3728 1208 3811 significat,

100 3882 382 3898 μ-

169 3970 199 4034 2)
216 3970 327 4024 Aeolica
346 3975 386 4024 est
404 3972 546 4037 geminatio
567 3971 660 4026 literae
677 3969 724 4023 rho
741 3977 769 4023 ut
785 3970 947 4039 Πίῤῥατροι,
967 3976 1067 4040 aptaro
1085 3982 1139 4031 eto.

172 4051 201 4114 3)
222 4051 264 4104 lv.
283 4049 387 4129 ⁵⁵AEbi
411 4051 559 4107 bleinelrios
581 4051 696 4120 ὅστιχον
718 4051 809 4106 edidit.
847 4052 939 4119 Neque
966 4055 1095 4110 Arcadios
1115 4074 1141 4127 p.
1163 4062 1204 4117 85.

104 4137 263 4197 parom-tona
274 4135 300 4184 ln
312 4150 363 4198 χον
379 4135 477 4198 attipit3
495 4132 627 4200 πνῤῥίχοτ
639 4140 725 4190 laneo
740 4139 933 4190 memoratoria
946 4136 1007 4190 Soh.
1022 4139 1134 4195 Theocr.
1150 4144 1166 4195 l.
1181 4160 1203 4195 c.
