2648 4756
88 351 138 419 DE
152 351 248 418 Nou.
264 346 435 427 QUORUM
444 345 555 412 citata
567 345 643 411 EST
658 345 877 412 GUTTURAL.
900 348 980 416 c.11.
998 357 1027 428 ς.
1043 353 1069 421 1.
1098 355 1170 423 :tui

64 517 191 599 primam
213 513 341 579 eandem
363 529 435 578 esse
455 510 652 593 principalem
675 521 870 591 argumentor
891 530 929 577 ex
942 514 1012 579 aliis
1028 518 1169 583 voeabu-

62 615 102 679 lie
117 615 256 678 sutrinae
274 612 407 693 propriis
422 605 587 691 mentua
599 608 727 671 exuuiae
738 604 1030 693 Photitteevumov
1042 617 1171 681 σκυτίον

62 713 137 777 HeS.
157 706 306 775 πεττύκια
323 703 415 773 λεπτὰ
440 703 651 790 notatarium
677 708 741 769 τῶν
767 702 928 787 δερμάτων
946 703 1000 793 ἀφ’
1022 700 1064 777 οὗ
1083 710 1170 797 ἡμεῖς

60 805 343 891 κιττάκιαλέγομεν
355 808 452 871 Meet.
465 823 545 887 quae
561 809 656 887 pactu
676 806 744 869 siue
765 805 847 884 petia
868 813 898 869 et
917 811 1035 886 petaeia
1055 828 1169 877 νοσσο-

63 920 113 974 tur
129 928 148 973 a
162 906 363 989 seu‘pturibus
377 904 468 969 medii
482 905 550 968 aeui
563 904 664 968 latinis
678 911 708 967 et
720 904 823 980 κετζία
834 903 866 965 iu
879 918 994 982 genere
1006 917 1114 974 ueutru
1129 912 1168 976 ab

60 1007 242 1089 aequalibus
264 1004 391 1070 Graecis
413 1004 494 1067 sieut
514 1005 683 1066 veterarius
704 1005 772 1082 ipse
793 997 919 1079 ιτετζιάς.
932 1037 973 1049 —-
992 996 1169 1087 Longum}

60 1104 290 1187 neureperitur
306 1103 368 1167 uisi
384 1100 514 1166 uuerbe
534 1100 714 1164 translatum
736 1108 769 1163 ut
790 1096 918 1183 οἰμωγή,
940 1095 1058 1185 (iamai,
1080 1100 1169 1185 ἄρω-

60 1200 130 1288 γός,
158 1218 226 1267 uum
247 1200 412 1265 metathesi
431 1198 553 1262 voeatis
578 1202 611 1261 ut
634 1197 674 1261 ab
695 1193 810 1279 ἄγνυμι
830 1196 1014 1282 κυματωγή,
1045 1197 1171 1283 uram

61 1311 92 1368 et
111 1295 309 1381 ιττοιώγανον
329 1299 460 1363 canthus
475 1302 564 1359 rutae
583 1296 749 1379 additoque
762 1299 837 1379 ieta,
860 1304 892 1361 ut
904 1300 1059 1383 suspicor,
1081 1298 1170 1387 tarot,

59 1417 123 1483 que
144 1398 311 1479 significari
331 1396 453 1460 videtur
472 1394 563 1458 loeus
586 1401 670 1459 tutus
691 1412 710 1458 a
728 1397 828 1460 veutis
844 1396 1047 1478 fluctibusque
1062 1416 1167 1483 eppe-

59 1498 125 1565 situ
144 1495 237 1560 taulis
259 1511 332 1560 sese
354 1492 576 1574 frangentibus.

512 1688 538 1754 C
559 1689 589 1752 Α
610 1688 646 1753 Ρ.
684 1688 724 1752 11.

245 1813 302 1882 De
325 1811 527 1880 nominibus
551 1812 588 1878 in
616 1833 735 1878 -κ-
764 1813 985 1881 cucurutium.

143 1984 176 2053 ς.
197 1977 225 2042 1.
267 1974 313 2039 De
335 1980 466 2039 accentu
487 1975 641 2038 numinum
664 1976 859 2057 propriorum
879 1978 970 2042 uimis
988 1985 1106 2044 eurtum
1119 1986 1169 2045 est

59 2082 261 2161 praeceptum
285 2074 317 2136 iu
339 2073 442 2137 Sahal.
464 2073 497 2136 ΙΙ.
519 2072 623 2136 XXIV.
644 2073 714 2138 566.
734 2070 772 2137 τὰ
793 2070 886 2152 κύρια
906 2072 1071 2156 βαρύνεται
1095 2073 1168 2141 Φύ-

58 2181 166 2256 ὶακος,
179 2168 333 2246 Αὕλακος,
350 2169 442 2235 ἔνθεν
458 2164 591 2234 ἀνάκοιν
603 2168 797 2250 Διοςκόροιν,
817 2174 867 2237 ubi
883 2175 1011 2253 primum
1024 2169 1168 2249 Αὔλακος

60 2274 211 2354 seriptum
231 2269 352 2334 uidetur
370 2287 427 2350 pro
439 2263 575 2343 Ὓλακος
592 2270 679 2333 Eust.
696 2271 784 2353 1758,
801 2271 851 2335 25.
866 2270 948 2351 quod
970 2288 1019 2352 ap.
1034 2272 1167 2351 Hesyelt.

59 2391 86 2437 s.
97 2366 260 2450 Ὑλακίδης
272 2368 351 2432 male
373 2367 502 2441 aeuitur,
528 2374 716 2447 postremum
732 2369 770 2432 ad
790 2370 925 2449 regulum
950 2368 987 2432 de
1007 2385 1070 2431 ueu
1091 2386 1168 2450 pru-

61 2472 138 2551 priis
157 2469 312 2548 pertinere
328 2473 457 2545 apparet
474 2482 513 2528 ex
525 2466 611 2529 Eust.
627 2462 665 2527 τὰ
683 2462 840 2529 ἐπιθετικὰ
861 2462 1002 2543 ὀξύνεται
1022 2463 1168 2550 μαλακός,

60 2562 188 2641 ἀνακός,
211 2560 288 2627 ὅθεν
307 2562 359 2626 καὶ
379 2558 414 2625 τὸ
426 2557 557 2625 ἆνακοῑν
574 2562 759 2645 Διοςκόροιν
777 2585 804 2646 p.
820 2566 908 2647 1365,
922 2565 972 2629 45.
989 2572 1061 2646 etp.
1080 2566 1169 2647 1425,

61 2667 112 2730 29.
136 2665 243 2736 Αἴλιος
263 2654 402 2734 ἆνακοὺς
429 2657 503 2735 τοὺς
525 2662 735 2742 Διοςκούρονς
757 2661 835 2744 φησὶ
854 2659 998 2744 λέγεσθαι
1024 2658 1067 2737 ὡς
1088 2663 1169 2727 Αἰα-

60 2759 167 2836 κούς.1
212 2761 272 2825 Sed
300 2761 397 2838 magis
428 2761 580 2840 explicate
611 2763 761 2825 Arcadius
790 2757 828 2822 τὰ
856 2761 897 2834 εἰς
930 2751 986 2834 ete-3
1012 2756 1088 2838 ὑπὲρ
1109 2760 1169 2825 δύο

61 2857 216 2942 συλλαβὰς
236 2860 279 2944 τῷ
301 2862 323 2919 ἃ
344 2855 584 2938 παραληγόμενα
605 2849 645 2922 οὗ
667 2864 844 2941 προηγεῖται
865 2855 1039 2941 σύμφωνον
1053 2856 1072 2939 ἢ
1087 2855 1169 2936 σύμ-

60 2983 156 3043 φωνα
177 2954 271 3036 κύρια
293 2952 368 3019 ὄντα
388 2953 569 3037 βαρύνεται,
598 2954 778 3037 suffetanus,
805 2958 942 3029 Πίνακος
962 2956 1015 3019 καὶ
1033 2951 1169 3034 Ἀμάρα-

60 3083 125 3136 κος,
146 3055 289 3130 Ἴθακος·
319 3056 515 3135 σεσημείωται
535 3050 570 3115 τὸ
589 3049 718 3127 Ἀσακός
739 3053 790 3116 καὶ
808 3049 933 3126 Ἀλακός
956 3052 1008 3116 καὶ
1030 3055 1169 3116 Καλλιστ-

60 3155 125 3233 κός.
168 3159 324 3235 Burytuua
358 3155 450 3231 igitur
481 3160 552 3214 suut
580 3154 703 3215 uomina
733 3171 861 3234 quorum
892 3153 983 3233 alpha
1012 3152 1169 3234 praeeedit

61 3272 204 3321 consona
230 3270 290 3317 uua
311 3259 343 3313 ut
369 3252 506 3322 Πίνακος
533 3251 603 3314 scu.
631 3252 765 3316 Phueuu.
786 3272 813 3316 a.
834 3253 863 3317 8.
903 3253 1059 3332 Κοίνακος
1081 3250 1168 3314 Diod.
1201 3247 1202 3251 ’

62 3356 96 3416 t'.
120 3354 170 3419 81.
204 3348 346 3422 Θύλακος
367 3350 456 3411 Paus.
480 3349 513 3411 V.
536 3349 584 3412 23.
606 3347 794 3432 Στρόφακος
816 3351 907 3412 Thuc.
929 3351 976 3412 lv.
999 3349 1048 3413 78.
1068 3343 1169 3409 ‘'Tuet-

60 3475 118 3526 κος
146 3451 244 3513 Noun.
265 3448 396 3511 XXXIV.
420 3446 468 3510 23.
492 3441 651 3521 Ὄπλακος
678 3450 755 3512 Plut.
779 3450 811 3510 t'.
832 3447 937 3524 Pyrrh.
960 3463 985 3509 e.
1015 3445 1061 3509 16.
1098 3440 1169 3507 Φύ-

61 3555 158 3622 λακος
187 3548 290 3611 Galen.
313 3548 417 3625 (lump.
440 3543 518 3606 ulei.
541 3561 569 3623 p.
595 3544 667 3607 Gen.
691 3547 723 3608 t'.
745 3545 815 3610 805.
845 3546 877 3607 T.
899 3544 975 3607 XIH.
1015 3537 1170 3620 Νώρακος

62 3650 149 3713 urbis
172 3663 284 3709 nomeu
312 3644 394 3707 Suid.
417 3651 447 3705 et
469 3642 699 3722 quadrisyllabu
725 3638 930 3723 Ἀστράβακος
958 3643 1047 3704 Puus,
1067 3641 1116 3702 ΙΙΙ.
1143 3642 1168 3703 1.

59 3745 251 3824 Ἀσσάρακος
273 3745 358 3807 Heni.
381 3737 566 3821 Σοβάόακος
586 3741 717 3819 Appian.
742 3742 840 3803 utitur.
865 3760 889 3804 u.
908 3740 955 3803 79.
995 3740 1170 3810 Σεσίθακος

65 3847 168 3913 Struit.
183 3845 242 3907 t‘tt.
256 3843 325 3906 tut.
343 3856 439 3921 quaeue
458 3834 648 3911 Πιττάλακος
668 3840 824 3901 lteuuesttt.
843 3841 912 3915 tut,
927 3837 975 3900 21.
991 3841 1061 3914 jure
1076 3853 1169 3916 prue-

67 4003 359 4018 .........-.-—-—

135 4094 161 4153 1)
181 4092 319 4145 Piersuuus
338 4088 369 4140 ad
389 4087 468 4142 Meet.
489 4103 512 4154 p.
535 4088 574 4142 78.
596 4088 700 4151 corrigit
719 4084 844 4143 ιὶιιιικοιί·Ι
876 4085 928 4140 Sed
947 4085 991 4140 itte
1010 4085 1043 4141 de
1060 4093 1168 4142 accentu

64 4179 136 4243 tuqui
156 4175 266 4227 videtur.

894 4252 961 4317 20*
