2648 4756
102 302 171 371 m
238 316 241 359 3
327 316 331 359 .'
458 287 861 360 utssbniurtoti

108 465 234 534 dubium
258 476 335 527 voro
355 457 509 525 Atbonooi
530 455 741 523 testimonium
760 452 825 519 vti
842 452 916 521 313.
935 453 972 520 E.
996 448 1159 539 μόρμυρος
1176 493 1215 506 -

110 564 246 645 Δωρίων
265 555 300 623 δὲ
319 553 499 642 μορμύλους
517 558 619 634 καλεῖ,
639 553 724 636 quod
743 551 905 632 legebatur
932 551 1011 635 0pp.
1033 554 1111 636 dyo.
1132 557 1214 624 tus.

109 661 177 729 itui
198 660 221 725 t
242 658 312 726 100.
341 656 442 721 donoc
471 653 679 722 Sobncidems
705 646 864 735 μορμύρος
890 653 1059 732 supposuit
1087 665 1216 721 accentu

110 756 272 824 mendoso.
299 755 438 820 Κλττολα
455 748 495 818 τὰ
514 745 634 835 κελύφη
652 751 717 815 τῶν
733 749 864 830 καρπῶν
883 750 956 813 iios.
974 749 1136 816 Albortius
1156 770 1217 818 non

109 858 215 938 inepto
242 872 312 921 cum
338 848 494 935 κύτταρον
520 851 657 933 confert,
690 847 775 930 quod
796 864 816 910 a
834 841 928 921 κύτος
948 847 1120 913 derivatum
1140 851 1218 916 idom

112 954 178 1018 iero
204 954 368 1035 significat.
414 950 533 1027 Quibus
561 947 633 1012 addi
660 950 794 1028 possunt
823 940 970 1029 Κόβαλομ
992 944 1161 1030 τωθαοτης
1188 956 1220 1014 et

110 1046 252 1135 κόβμρορ
272 1045 415 1132 οκοὶοττηα
434 1048 508 1113 iles.
524 1045 681 1126 uerbaque
694 1043 881 1121 τανταλλζειν
895 1049 927 1108 ot
941 1045 1132 1128 ταρταρίζειν
1149 1048 1169 1112 i.
1187 1064 1217 1130 q.

111 1143 232 1234 τρέμειν
250 1157 282 1214 et
302 1149 429 1214 iotinum
451 1144 692 1224 concammio.
713 1137 885 1225 mutim
904 1138 1043 1207 κάνθων.
1084 1144 1219 1210 Lumbdu

113 1253 145 1313 et
166 1264 209 1329 ny
229 1250 418 1313 commutant
434 1237 571 1327 Ἀνθήλη
591 1277 634 1289 -
652 1238 706 1305 καὶ
723 1233 861 1323 Ἀνθήνη
875 1235 994 1324 ἐκλήθη
1007 1245 1114 1324 Stepb.
1129 1261 1148 1308 u
1161 1246 1219 1310 do-

112 1347 200 1412 ribus
221 1338 588 1424 ut'ldvttwdoboitu,
603 1332 768 1423 Ἀνθηδών
789 1346 821 1403 et
834 1341 969 1405 tortasse
978 1333 1113 1424 Ἀθῆναι
1126 1345 1219 1424 ipsae.

116 1445 192 1509 'inm
212 1443 368 1524 adientium
385 1437 539 1522 κάηκανος
557 1434 727 1520 καγκαίνεος
748 1445 779 1502 et
799 1433 968 1520 καηκαλέος
988 1457 1017 1504 v.
1039 1437 1072 1505 d.
1093 1441 1117 1505 1.
1141 1449 1171 1517 s.
1191 1443 1219 1508 c.

116 1542 229 1625 quibus
256 1542 347 1606 utino
374 1545 425 1605 est
449 1538 564 1602 burbao
591 1538 860 1602 nomenmodo
889 1544 921 1601 ot
940 1532 1115 1618 κάγκοοοκ,
1145 1559 1222 1621 qoao

117 1640 225 1706 codem
246 1656 320 1704 esso
341 1644 467 1720 putatur
487 1635 537 1700 uel
550 1633 677 1714 similis3
697 1630 833 1711 διτταοος
853 1643 884 1700 ot
905 1629 1061 1712 ὀπταλέος.
1104 1639 1153 1703 Aa
1175 1641 1224 1704 ul-

117 1738 222 1802 timum
243 1754 324 1819 qnae
341 1738 373 1799 iu
393 1734 552 1800 homerico
572 1748 667 1796 uersu
682 1734 897 1799 conflictantur
917 1732 1061 1815 ροὄανόρ,
1082 1735 1223 1819 ρὀᾶολός,

117 1830 262 1915 ὀαὸανός,
283 1827 440 1917 ρλαιλιοός.1
481 1831 600 1895 iniinito
618 1829 688 1913 pius
709 1830 896 1897 difficultatis
917 1832 1009 1898 babet
1026 1840 1170 1917 quaestio
1188 1839 1224 1903 dc

117 1934 324 2015 geminatione
345 1929 497 2013 liquidae;
519 1930 648 2011 primum
668 1938 797 2011 propter
819 1936 981 2013 poetarum
995 1933 1152 1999 licentium
1166 1959 1225 2000 κυ-

117 2025 291 2114 νοκέφαλος
312 2038 344 2096 ct
363 2022 587 2113 τετρακέφαλος
613 2028 660 2092 sic
680 2029 902 2110 proferentium
926 2037 958 2093 ut
980 2039 1032 2094 aut
1054 2050 1224 2101 consonam

118 2129 268 2211 geminari
281 2145 414 2194 necessu
434 2128 476 2192 sit
492 2130 544 2189 aut
561 2126 677 2207 porrigi
691 2128 831 2191 vocalem
844 2145 873 2189 v.
889 2128 1040 2196 binetzeil.
1058 2131 1096 2196 de
1110 2134 1223 2218 Theop.

119 2224 191 2292 449.
219 2229 301 2292 sicut
328 2226 431 2293 Soboi.
456 2225 552 2289 Arist.
576 2223 666 2289 1284.
696 2225 826 2289 affirmat
847 2221 983 2308 σκοτοὲλη
1002 2230 1133 2297 mediam
1155 2235 1227 2299 ion.

119 2340 191 2407 gam
218 2325 342 2392 baborc.
392 2323 519 2391 Ovidius
548 2329 658 2386 contra
688 2324 748 2387 etsi
777 2323 934 2386 oracutum
959 2326 1034 2391 iliud
1063 2327 1227 2398 Μύσκελλτ

120 2420 320 2507 monadicum²
341 2424 409 2488 sino
431 2422 524 2486 dnbio
545 2437 610 2483 non
630 2420 819 2499 incognitum
841 2421 956 2506 babuit,
979 2430 1080 2491 tomen
1100 2428 1228 2510 Mysce-

122 2524 174 2586 λιιι
196 2523 411 2603 pronunciavit
431 2527 464 2583 ut
485 2513 631 2592 θέσκελος
650 2536 679 2582 u.
701 2518 871 2583 Tzscbnck.
892 2518 930 2582 ad
946 2522 1047 2589 Strab.
1067 2527 1143 2593 viii
1158 2530 1227 2596 311.

122 2620 241 2684 Rursus
263 2620 359 2701 piscis
381 2634 494 2681 nomen
510 2617 671 2697 pompilos
693 2623 788 2697 poeta
808 2618 933 2697 ignotus
954 2621 987 2683 in
1005 2623 1137 2690 liaiieut.
1159 2629 1227 2694 202.

125 2718 159 2781 T.
178 2717 200 2780 i.
221 2717 413 2781 Wcrnsdori.
435 2734 464 2798 p.
488 2715 556 2779 17³.
579 2716 739 2796 usurpauit
755 2715 907 2797 producta
919 2718 1018 2783 media
1032 2724 1137 2804 utique
1151 2741 1229 2789 con-

125 2823 175 2879 tro
194 2822 329 2879 veterem
351 2798 624 2892 cousuetudinem
646 2812 726 2877 alius
739 2810 897 2887 Φικόώλας
907 2817 998 2885 Antii.
1012 2823 1093 2902 App.
1109 2822 1146 2886 N.
1160 2823 1229 2889 389.

122 2913 179 2980 sod
200 2932 257 2995 pro
279 2914 362 2978 iolas
390 2914 421 2976 in
448 2912 532 2975 cuitu
553 2911 667 2975 senarii
698 2911 780 2992 Virg.
805 2918 836 2975 et
858 2913 1001 2994 Calpurn.
1022 2918 1087 2984 Eoi.
1108 2920 1157 2985 Vi.
1181 2921 1228 2987 96.

124 3015 240 3077 rectius
262 3012 356 3075 Iollas
383 3009 537 3073 scribitur.
581 3007 724 3074 Secundo
754 3012 826 3091 quia
847 3012 962 3076 librarii
984 3016 1076 3081 modo
1098 3019 1229 3104 lambda,

125 3109 237 3192 quibus
260 3109 397 3190 debetur,
416 3107 580 3170 detrabunt
600 3113 633 3169 ut
650 3102 822 3189 κρύοταλος
840 3127 868 3172 v.
888 3110 1013 3177 Jacobs.
1034 3115 1073 3180 ad
1085 3116 1230 3184 Philostr.

125 3207 197 3272 281.
229 3205 321 3269 modo
350 3204 465 3269 addunt
491 3221 553 3285 quo
581 3220 645 3267 nou
673 3223 753 3286 opus
781 3214 846 3269 est:
881 3204 1057 3290 Γόγηυλλος
1081 3216 1112 3278 in
1135 3218 1230 3282 tatic,

129 3303 264 3384 Thucyd.
284 3304 346 3368 vti.
366 3302 395 3386 2,
419 3303 446 3367 1.
471 3297 662 3384 Kpoibvuog
681 3305 713 3369 in
733 3305 853 3370 duobus
875 3307 962 3371 codd.
981 3309 1064 3375 Snid.
1081 3309 1232 3396 κήρυλλος

127 3404 160 3468 in
181 3403 249 3469 0011.
272 3403 388 3486 optimi)
408 3402 531 3467 Aeliani
551 3401 586 3466 H
606 3401 685 3467 bno.
707 3403 741 3466 V.
763 3403 813 3469 48.
843 3405 904 3469 Vll.
929 3407 977 3472 17.
1008 3409 1071 3474 ΧΠ.
1096 3412 1145 3478 19.
1172 3410 1232 3478 Θέ-

194 3663 222 3731 l)
245 3663 365 3718 Poteram
390 3664 465 3732 plura
489 3663 606 3734 proteum
628 3663 726 3733 αἰβιὶλη
752 3663 869 3732 αἰβάνη,
894 3667 1050 3737 τραύπαλον
1066 3672 1231 3743 κρούπιικον,

126 3745 430 3811 ἆνίψαλοςλάνίψανας,
447 3746 495 3801 sed
514 3748 624 3815 praetuli
645 3750 766 3803 certiora.
798 3750 923 3817 Ἀσμολίρ
942 3749 957 3814 ἢ
976 3753 1092 3821 ἄγνοια·
1110 3757 1187 3828 παρὰ
1205 3762 1232 3811 τὸ

128 3825 202 3885 εἶδος
217 3826 308 3894 {dmum
321 3825 435 3894 idpeomd
448 3827 578 3896 aiiiipordo
593 3832 640 3881 itai
653 3831 739 3902 τροπῇ
753 3831 810 3886 ΕΜ.
826 3837 950 3889 detoderis
962 3834 1077 3903 ἀδμωλιὶ
1095 3844 1122 3894 et
1139 3840 1231 3909 ἁδμω.

128 3911 172 3961 tto
193 3911 313 3963 scribitur
330 3912 542 3978 interpretatione
560 3912 659 3981 dupiici
676 3914 784 3966 δουλεία
804 3916 832 3980 [a
849 3916 937 3984 δμώς)
957 3923 984 3974 et
1004 3920 1041 3987 dy
1042 3938 1113 3972 ννννν

191 4015 221 4083 2)
239 4016 268 4070 ln
286 4014 362 4073 Diod.
381 4015 460 4073 Exco.
479 4017 534 4073 Vei.
554 4034 579 4087 p.
600 4020 626 4077 8.
643 4019 785 4075 Μύακελλε
802 4020 890 4074 natio
902 4021 965 4079 ὥςτε
984 4028 1108 4094 scripturn
1122 4035 1164 4084 est
1177 4032 1231 4084 ior·

126 4106 196 4154 tasso
214 4113 261 4167 pro
281 4096 415 4150 Μύσκελϊ
434 4097 614 4166 ἀμιτιιλόνωτε.
649 4102 715 4160 Nam
733 4103 827 4161 Sittbo
844 4107 918 4161 illuni
933 4104 1079 4178 ὑπότυφον
1097 4119 1183 4167 vocat·
