2648 4756
101 365 152 429 bs
165 365 262 432 ΝΟΜ.
277 364 443 442 etonem
458 364 570 429 CHAR.
580 362 658 427 EST
671 362 878 428 benuntia.
899 364 932 425 C.
949 365 996 428 lt'.
1015 374 1045 441 ς.
1057 368 1084 431 l.
1111 370 1180 439 tlttlt

74 528 206 593 tbiadom
238 530 371 610 puellam
400 531 430 593 iu
456 528 615 592 mustelam
641 534 788 590 mutatam
816 529 934 610 ierunt,
965 534 1178 600 manilestoa
1235 498 1238 503 Ι
1305 614 1308 621 ,

69 629 151 710 γαλῆ
180 629 366 692 derivarunt.
421 628 526 708 Neque
558 627 825 707 praetermittenda
853 628 932 691 duco
965 623 1118 707 ὑάκινθος
1149 647 1179 700 et

70 730 269 808 cocolariam,
303 742 428 806 qnorum
460 726 604 805 cognatio
628 728 693 803 jam
720 741 739 787 a
762 724 830 789 Ger.
852 726 966 791 Vossio
993 736 1023 791 ot
1047 732 1177 797 llartino

70 825 289 889 animadversa
310 830 366 887 est.
409 824 448 887 Et
469 839 527 904 pro
550 824 648 886 altera
668 823 770 886 vocali
791 824 914 887 alteram
934 820 1091 905 βὸλννθος
1110 834 1177 899 sive

66 920 246 1006 βόλυνθον,
274 922 355 1003 quod
384 922 464 986 idem
492 922 574 985 valet
601 929 692 1002 atque
718 917 863 1003 βόλβιτον
890 927 1124 1002 ejectamentum
1145 942 1177 997 et

68 1024 110 1087 ab
136 1023 241 1087 eodem
262 1018 354 1103 βόλος
373 1021 497 1084 ductum
520 1029 576 1104 est,
602 1016 742 1100 κόρυθος
762 1023 828 1083 avis
850 1022 992 1101 galeatae
1012 1041 1125 1091 nomen
1145 1039 1177 1095 et

66 1116 228 1201 κόρονθος
246 1113 430 1199 ἀλεκτρυών.
473 1120 569 1183 llnlta
597 1136 654 1200 pro
681 1119 855 1199 desperatis
884 1120 1085 1203 relinquenda
1104 1136 1177 1191 sunt

68 1222 228 1300 utriusque
250 1219 369 1281 vocalis
391 1218 548 1299 exempla,
571 1213 746 1298 ἀσάμινθος
766 1236 827 1299 ‹pm
849 1235 913 1281 non
934 1221 1033 1284 solnm
1057 1221 1177 1289 labrum

67 1318 237 1382 sedetiam
261 1320 340 1380 cista
367 1322 398 1378 et
424 1316 488 1377 πᾶν
516 1312 551 1378 τὸ
578 1320 686 1379 κοῖλον
711 1318 915 1396 significatur,
943 1314 1091 1399 βόλινθος
1114 1323 1178 1385 bo-

68 1434 167 1480 nasus
192 1422 222 1479 et
248 1413 459 1497 λαβύρινθος,
486 1431 566 1494 (puae
592 1432 631 1477 ne
652 1431 766 1493 graeca
786 1415 908 1495 qtridcm
936 1425 1117 1501 censentur,
1145 1427 1177 1485 et

64 1516 199 1579 maxime
221 1516 346 1597 propria
366 1509 542 1593 Κόρινθος,
568 1508 739 1590 Πέρινθος,
763 1510 926 1593 Σύρινθος
947 1514 1073 1597 Cretae,
1101 1514 1176 1582 Πύ-

63 1617 178 1693 probor
200 1614 308 1677 Cariae
328 1612 433 1691 Steplt.
465 1604 676 1690 Πρεπέσινθος
702 1613 752 1674 vel
779 1608 815 1674 τὸ
839 1608 1057 1691 Πρεκέσινθον
1075 1616 1177 1681 insula

64 1712 173 1777 Sclrol.
201 1712 290 1774 Dion.
314 1711 381 1774 132.
413 1704 577 1784 Ἡοὶλινθος
604 1710 692 1773 loons
718 1711 748 1773 in
778 1712 846 1773 loro
868 1711 1051 1790 Argivorum
1073 1714 1175 1779 Strab.

65 1810 144 1873 vill.
175 1808 244 1873 371.
270 1803 467 1889 Ἀμάρυνθος
496 1810 583 1871 vicus
610 1808 758 1871 Euboeae
789 1816 819 1870 et
847 1805 1038 1885 Κόοκννθος
1065 1812 1174 1877 barrius

66 1917 162 1989 atque
183 1900 377 1988 Ἀροῖκυνθος
397 1923 487 1969 mons
509 1905 657 1987 ejusdcm,
681 1902 848 1979 Ζάκυνθος
865 1908 962 1971 insula
985 1918 1043 1973 eto.

523 2102 629 2165 ent).
660 2100 718 2166 tv..

462 2244 497 2308 Ι)
535 2263 555 2307 c
631 2246 645 2305 t
682 2262 704 2306 tt
747 2262 779 2305 n.

151 2412 180 2477 ς.
206 2404 231 2465 1.
277 2402 380 2465 Sciret.
407 2404 500 2466 Arist.
530 2400 604 2464 Aeli.
633 2399 702 2464 994.
731 2396 822 2481 ὄρχος
845 2399 898 2463 καὶ
917 2396 1047 2483 ὄρχατος
1073 2406 1174 2487 στίχος

63 2498 211 2581 ἀμπέλων
230 2496 252 2581 ἢ
271 2496 383 2578 ἑτέρων
409 2502 519 2582 φυτῶν
538 2494 622 2577 παρὰ
642 2494 678 2561 τὸ
695 2496 851 2580 ἔρχεσθαι,
875 2502 989 2563 rectius
1012 2502 1062 2564 illo
1084 2520 1172 2582 quam

63 2604 132 2665 Eli.
155 2601 224 2680 634,
248 2601 296 2663 34.
314 2609 342 2662 et.
365 2600 435 2663 Sclt.
460 2600 588 2662 Theocr.
611 2599 631 2661 l.
653 2599 701 2662 48.
725 2594 816 2680 ὄρχος
837 2594 855 2662 ὁ
875 2594 995 2679 βόθρος
1016 2598 1058 2672 εἰς
1079 2594 1098 2660 ὃ
1120 2596 1173 2661 ἐν-

62 2702 181 2762 ri'itarm
213 2695 248 2760 τὸ
281 2694 384 2779 φυτὸν
411 2697 496 2777 παρὰ
522 2696 558 2760 τὸ
586 2691 726 2777 (boticem,
763 2694 892 2779 ὄρχατος
917 2693 950 2759 δὲ
978 2691 996 2778 ἡ
1026 2694 1174 2780 ἰπίστιχος

66 2800 180 2879 quarata
204 2792 288 2875 παρὰ
309 2792 345 2858 τὸ
373 2793 513 2876 ἔρχεσθαι
536 2799 573 2861 cl.
594 2798 717 2860 taeniis.
740 2797 778 2859 ad
800 2797 907 2857 detriti.
930 2796 999 2857 ube.
1036 2797 1172 2860 Alterum
1267 2794 1270 2799 ’

65 2913 306 2978 paronymornm
329 2902 377 2958 est
398 2891 523 2973 ἕρκντος
542 2891 683 2975 pompos
704 2896 775 2958 iles,
798 2896 908 2957 Cetera
930 2912 948 2953 a
969 2893 1073 2955 verbis
1095 2910 1173 2969 pro-

64 2997 244 3058 ticisonntnr
272 2994 448 3074 etquidem
475 2995 635 3073 primitivis
663 2991 817 3068 θάνατος,
853 2988 997 3067 κάματος,
1027 2982 1173 3065 Kalama,

63 3088 238 3171 κτεάτειρα,
269 3091 350 3171 qnod
379 3110 397 3153 a
424 3092 594 3152 masculino
622 3088 743 3172 κτήτωρ
765 3092 811 3152 sic
831 3088 929 3150 diltert
952 3092 983 3148 nt
1004 3080 1174 3147 naturave

64 3194 187 3274 κτῆνος.
230 3191 314 3253 Haeo
335 3196 437 3252 auton
463 3190 582 3251 vocalis
610 3196 768 3253 reservata
791 3195 837 3250 est
859 3185 1019 3264 adjectivis
1041 3193 1074 3248 ut
1096 3188 1173 3265 θνη-

64 3288 136 3365 τός,
163 3284 292 3369 aleriis,
322 3296 352 3349 et
373 3289 575 3350 substantivis
598 3307 677 3368 qnare
699 3306 717 3349 n
739 3286 841 3348 verbis
864 3285 1066 3345 circumflexis
1089 3282 1174 3345 deri-

64 3399 138 3453 vata
160 3395 231 3451 sunt
254 3380 383 3465 ιἰλόητος
402 3392 460 3448 eto.
497 3386 544 3447 nb
565 3388 678 3465 lgnvrtis
699 3385 851 3447 radicibus
870 3382 1077 3461 germinarunt
1093 3376 1173 3441 ἄιτα·

63 3510 128 3565 τος,
151 3483 312 3568 astemoe,
327 3479 468 3560 Ἕκιιτος,
493 3484 575 3563 qnod
597 3493 718 3548 veteres
741 3483 780 3544 ad
801 3475 871 3551 ἑκάς
893 3484 1049 3540 revocant.
1073 3477 1173 3540 Femi-

64 3591 208 3650 ninorum
231 3586 346 3665 primae
369 3582 582 3645 declinationis
606 3583 752 3661 pleraque
774 3579 865 3659 alpha
886 3593 904 3638 a
926 3575 1084 3654 primitivis
1106 3577 1172 3637 suis

64 3686 158 3766 quasi
175 3681 386 3745 hereditarium
404 3680 527 3755 liabent,
550 3680 677 3759 primum
699 3680 738 3741 ab
760 3675 807 3740 ἅω
829 3671 896 3738 dcto
918 3670 997 3754 drtrp
1019 3673 1084 3733 sive
1107 3667 1173 3752 ἄτη.

64 3792 132 3846 tum
153 3775 268 3861 περάτη
286 3773 446 3857 saroardo
461 3783 577 3838 mutato
591 3784 720 3856 propter
740 3775 951 3838 transitionem
974 3778 1103 3833 accentu
1125 3770 1172 3832 vel

66 3882 172 3962 potins
195 3897 213 3940 a
233 3874 327 3959 atoue
347 3875 425 3938 unde
447 3869 609 3955 ἀπείρατος
629 3872 870 3953 impenetrabilis
893 3870 976 3934 l‘ind.
998 3876 1028 3929 ut
1051 3863 1174 3948 ογέριις

66 3975 228 4059 ἀγείροιτος
249 3985 279 4040 et
302 3992 320 4037 a
338 3971 415 4054 γάλα
432 3970 591 4049 lbtdtrao,
612 3976 701 4051 cnjus
717 3972 875 4052 epitheton
890 3968 978 4048 qnasi
993 3974 1172 4047 perpetuum

67 4086 119 4141 est
141 4072 233 4157 λευκή
255 4082 285 4137 et
308 4073 446 4136 eortdido
466 4090 493 4136 v.
516 4070 707 4136 Wernsdorl.
729 4069 767 4130 ad
789 4067 914 4131 Pentad.
930 4064 993 4129 l'll.
1008 4067 1037 4130 t.
1059 4084 1087 4145 p.
1104 4066 1172 4129 tra.

69 4178 104 4238 T.
126 4175 175 4237 lll.
203 4170 292 4253 eatan
319 4165 404 4250 παρὰ
430 4164 467 4231 τὸ
493 4165 613 4233 ἐλαύνω
632 4169 697 4230 Eli.
720 4165 774 4229 sed
803 4167 862 4227 boo
880 4168 942 4243 jam
965 4166 1064 4227 mitius
1086 4166 1172 4226 affir-

107 4290 214 4339 laotml.
234 4288 368 4347 t'attotng.
925 4264 966 4328 Ἡ
