2648 4756
114 344 185 411 482
462 335 788 405 Dissimulate
819 337 869 403 Di.

115 506 155 573 ad
174 505 301 582 Eutrop.
320 498 371 564 lx,
392 497 423 582 2,
444 497 515 565 647.
543 501 703 565 Ameneia
731 503 833 566 insula
856 509 889 567 et
917 501 1080 566 Αευιιοσλιι
1104 520 1133 564 r.
1160 501 1219 566 ln-

114 613 212 686 terpp.
236 600 275 663 ad
295 599 368 677 lyc.
390 597 461 662 723.
482 599 533 663 cui
554 599 663 664 similis
685 600 866 664 vicissitudo
890 617 909 663 a
931 600 1093 680 Stephano
1107 600 1221 664 obser-

112 708 185 766 vate
207 704 257 762 est
273 691 465 778 Ἀνογνοοῦς
483 731 526 743 -
543 690 776 780 Ἀναγυράσιος·
796 694 934 782 ἐζήτηται
955 694 991 762 ὀὶ
1010 700 1081 772 πῶς
1111 695 1169 780 ἔχει
1187 696 1220 762 τὸ

112 809 141 865 ri.
166 794 251 862 Ἔδει
270 790 330 878 γὰρ
352 789 394 868 ὡς
410 789 615 876 Ῥαμνούσιος
636 788 702 857 ἀλλ’
732 792 811 861 ἔοικε
837 792 874 861 τὸ
896 806 915 882 (ι
937 798 1044 861 αἴτιον
1064 791 1149 861 εἶναι
1168 819 1220 879 φι-

110 897 229 980 ληθοῦν
255 896 294 978 τῇ
321 889 461 971 συντάξει
480 893 539 956 τοῦ
559 892 581 955 ᾱ
599 887 643 968 (ὃς
662 889 700 957 τὸ
724 896 851 969 Φλνοῦς
874 892 1047 976 dromos,
1068 896 1127 960 uni
1146 896 1219 961 liot-

113 997 231 1064 stenius
251 993 363 1074 probat
385 991 563 1056 Casanboui
585 995 810 1057 correctionem
830 989 868 1058 τὸ
888 1005 910 1058 o
929 995 1037 1058 αἴτιον
1056 988 1148 1058 εἶναι.
1169 994 1219 1057 Υι-

111 1111 180 1160 rum
207 1093 268 1155 lioc
293 1101 316 1153 ῦ
343 1106 407 1154 uon
434 1091 534 1170 potuit
560 1106 749 1155 consuesse
776 1092 941 1157 mutandae
961 1094 1107 1175 vocalis,
1123 1110 1144 1156 a
1163 1108 1220 1173 qur

110 1191 296 1273 interposito
319 1189 375 1253 rlno
397 1187 557 1252 diremtum
579 1195 644 1269 est3
666 1195 698 1252 et
718 1207 775 1272 pro
797 1185 842 1265 ὡς
860 1186 897 1255 τὸ
924 1227 966 1237 -
996 1191 1103 1256 codex
1125 1188 1219 1255 enen

111 1291 240 1377 praebet
262 1288 305 1362 εἰς
323 1285 360 1350 τὸ
375 1288 493 1360 Φλιοῦς
510 1282 667 1365 Φλιάσιος,
688 1304 750 1367 quo
774 1289 845 1353 loco
867 1292 912 1353 ilo
932 1290 1077 1371 loquitur
1093 1285 1216 1372 ὤφειλεν

111 1384 174 1455 ἀπὸ
203 1387 258 1469 τῆς
288 1385 461 1458 Φλιοῦντος
486 1386 610 1468 γενικῆς
638 1382 822 1464 Φλιούσιος,
846 1389 1032 1474 πλεονασμῷ
1063 1383 1100 1451 el
1124 1387 1218 1450 τοῡᾱ

114 1483 279 1562 Φλιάσιος,
310 1483 482 1564 pleonasmi
508 1486 632 1549 nomine
661 1485 838 1566 siguiecans
858 1486 941 1549 illam
964 1483 1003 1550 ad
1024 1485 1125 1566 alpina
1144 1501 1215 1567 pro-

111 1588 295 1663 clivitatem3
322 1598 382 1647 neo
402 1587 504 1645 tamen
525 1584 740 1663 praetermittit
768 1582 919 1666 duplicem
940 1584 1094 1664 primitivi
1116 1582 1217 1647 termi-

110 1688 267 1753 nationem
291 1682 408 1752 Φλιοῦς
428 1687 459 1743 et
484 1679 581 1752 Φλλας
599 1684 633 1743 ul
655 1681 715 1744 atio
737 1680 810 1744 loco
831 1698 850 1743 a
875 1682 972 1762 Θρλος
995 1678 1153 1761 Θριάσιος
1161 1679 1214 1743 du·

111 1789 167 1865 cit,
192 1799 211 1844 a
235 1779 360 1857 Θονοῠς
383 1772 579 1856 Θουούσιος,
601 1775 744 1858 additque
765 1795 918 1862 mensem,
943 1781 978 1843 iu
1004 1796 1072 1861 quo
1102 1781 1215 1843 fructus

107 1884 327 1958 maturescunt,
348 1892 367 1937 a
387 1872 641 1939 lacedaemoniis
671 1871 818 1958 φλιάσιον
837 1879 952 1959 vocari,
974 1894 994 1941 n
1013 1877 1116 1942 verbo
1134 1876 1215 1957 φλλο

110 1977 253 2056 arbitror,
274 1980 308 2037 ul
329 1967 482 2055 φλυήσιος
501 1967 566 2055 μήν
584 1972 657 2037 Hes.
679 1991 699 2037 e
724 1971 832 2057 φλύο,
862 1984 893 2041 el
923 1970 1086 2057 Φλεήσιον
1114 1973 1214 2038 πεδίον

108 2074 145 2142 τὸ
175 2069 326 2137 Φλιάσιον
352 2073 438 2137 Phot.
467 2088 487 2135 a
515 2063 600 2153 elle
626 2067 724 2153 φλόος
751 2068 867 2155 φλέως,
896 2074 1046 2137 liberiore
1076 2074 1130 2136 illu
1158 2073 1212 2152 ria,

110 2190 201 2260 quam
222 2189 318 2254 supro
338 2169 479 2234 iudicari.
523 2171 576 2235 Sic
597 2175 629 2232 et
649 2186 669 2232 a
692 2167 807 2235 Πιελιά
828 2178 859 2235 ct
882 2167 1013 2245 Πιιλεός
1039 2172 1112 2235 siue
1143 2173 1213 2233 iim

109 2272 182 2340 λιόν
202 2288 264 2337 non
287 2270 386 2333 solum
410 2265 593 2342 Πιελεάσιος
613 2267 671 2332 sed
691 2276 722 2332 et
746 2266 948 2344 Πιελεούσιος
968 2270 1145 2334 derivatum
1158 2276 1213 2345 est,

110 2375 150 2439 ab
170 2367 283 2454 ἥμερος
304 2367 420 2430 lliauac
442 2366 602 2446 epitleion
618 2362 734 2449 Ἡμέρα
755 2376 786 2432 et
804 2362 987 2449 Ἡμερασλοι,
1016 2385 1035 2432 a
1063 2368 1213 2432 substan·

109 2474 173 2537 tivo
198 2463 293 2550 ἡμέρα
321 2462 402 2545 apud
429 2467 623 2545 posteriores
651 2461 835 2548 ἡμερούσιος
856 2475 886 2531 ct
907 2462 1147 2550 ἐφημιρούσιος.
1186 2469 1214 2530 Δ

108 2569 225 2634 Libano
247 2563 373 2645 φοινιίιη
394 2563 569 2643 Λιβανησίοι
588 2564 720 2628 Hierocl.
744 2581 769 2628 ο.
790 2567 838 2630 42.
853 2574 883 2629 ei
896 2566 1095 2648 Λιβανουσλιι
1110 2565 1213 2645 Slepll

110 2685 136 2732 s.
155 2662 295 2745 Ἒμισσα.
345 2661 390 2722 lle
423 2661 579 2739 gentilicio
612 2659 761 2736 Φλιάσιος
786 2665 913 2745 insuper
940 2665 1002 2729 hoc
1030 2665 1212 2745 addendum,

109 2762 192 2847 quod
213 2760 252 2825 ad
272 2774 446 2822 mensuram
467 2760 609 2840 pertinet,
630 2760 721 2840 alpina
750 2770 858 2825 natura
884 2763 1009 2842 longum
1036 2770 1073 2826 ut
1101 2767 1133 2827 iu
1166 2766 1212 2826 ii·

106 2857 253 2943 Φράσιος,
279 2874 298 2920 n
326 2857 447 2921 Cratcte
476 2874 524 2936 ap.
546 2857 677 2936 Hcspoli.
705 2859 766 2922 itlil.
794 2860 832 2923 de
855 2862 914 2924 Vir.
936 2859 1018 2925 doct.
1039 2879 1071 2942 p.
1094 2863 1145 2928 36.
1166 2862 1209 2928 ed

108 2963 201 3030 Orell.
225 2967 255 3024 et
274 2955 457 3021 dioscoride
478 2956 569 3018 duih.
590 2956 651 3020 Vll.
673 2957 743 3021 707.
763 2959 852 3020 metri
873 2959 989 3021 heroici
1011 2962 1116 3038 gratia
1137 2978 1208 3024 cor-

105 3066 226 3139 reptum
248 3057 350 3118 esse.²
386 3055 453 3128 ouo
475 3053 514 3117 ad
535 3055 673 3133 systolen
695 3065 725 3120 et
746 3057 865 3119 ectasin
887 3056 1084 3121 traducimur.
1129 3058 1207 3122 idem

106 3157 186 3221 euim
219 3150 325 3231 alpha,
357 3151 439 3230 qnod
468 3153 499 3213 iu
528 3149 702 3232 διπλάσιος,
730 3150 908 3234 τριπλάσιος
937 3161 996 3217 etc.
1026 3154 1125 3220 breve
1153 3164 1206 3239 est,

104 3255 198 3319 iones
224 3251 255 3311 in
282 3255 332 3311 eta
358 3255 511 3311 mutarunt
539 3249 698 3335 ιλιιιλήσιος
724 3252 872 3316 dicentes.
925 3252 986 3315 Pro
1023 3251 1206 3330 Πανύασσις

106 3351 197 3415 Pnus.
218 3347 267 3412 lx.
289 3345 318 3410 8.
341 3354 372 3410 et
392 3346 440 3410 29.
462 3347 546 3428 quod
567 3356 616 3412 sat
637 3351 723 3414 multi
746 3349 833 3413 oodd.
854 3349 1014 3432 praebent,
1035 3368 1122 3417 nuuc
1145 3356 1205 3417 iln-

105 3445 214 3521 νύασις
236 3444 348 3509 editum
370 3452 434 3523 est3
462 3446 541 3509 unde
569 3444 737 3510 derivatum
766 3450 806 3511 sit
826 3464 953 3529 nomen,
979 3464 1044 3512 non
1074 3459 1204 3536 constat,
1250 3498 1252 3559 p

104 3563 163 3612 uec
190 3561 352 3609 mensurae
379 3542 527 3605 habemus
549 3550 660 3607 testem
682 3552 806 3627 practer
825 3547 975 3610 Avienum
996 3548 1048 3627 qui
1069 3550 1104 3613 iu
1124 3554 1203 3617 Arat

102 3641 358 3709 Phaenom.175.
386 3642 512 3720 primam
538 3642 688 3720 syllabam
719 3644 878 3726 produxit,
905 3644 1025 3708 duabus
1047 3664 1131 3728 quac
1152 3668 1203 3714 se-

103 3750 237 3824 quuntur
263 3741 425 3820 correptis.
465 3739 617 3820 Κρίμισος
644 3741 725 3822 apud
752 3750 863 3822 poetas
890 3743 1116 3810 luculentiores
1144 3749 1202 3811 iota

102 3840 227 3921 longum
254 3839 363 3921 habet,
389 3837 444 3901 sed
472 3836 552 3901 idem
577 3855 689 3902 nornen
718 3842 749 3903 in
778 3841 877 3905 Noun.
905 3840 1024 3905 XXXII.
1052 3843 1126 3910 234.
1154 3848 1200 3911 ubi

168 4063 197 4129 2]
226 4062 358 4199 Θῖιιῖσιύι
381 4067 406 4117 iu
427 4063 477 4119 line
496 4064 650 4130 pentametri
669 4064 744 4118 Anti.
772 4064 827 4120 vii.
854 4067 912 4124 ero.
931 4067 1071 4126 Jaeolsins
1095 4073 1199 4129 Plauudi

101 4148 199 4200 auctori
218 4149 250 4200 tri
269 4150 313 4199 ut.
