2648 4756
163 320 210 388 86
513 315 839 383 ulssuernrlo
873 314 911 380 H

164 485 314 564 integram
336 469 374 545 ἆλ
395 484 427 545 in
439 498 539 564 ipsam
554 482 639 545 uerbi
655 482 797 546 omnibns
812 481 878 545 suis
892 479 1033 561 partibus
1049 481 1182 562 perlecti
1195 479 1271 544 snb-

167 583 311 647 stantiam
332 582 518 646 insinuatam
540 597 622 659 esse,
645 579 675 643 id
697 579 775 643 adeo
797 582 863 645 veri
884 579 982 643 simile
1004 596 1067 642 non
1089 586 1138 644 est
1159 587 1193 642 ut
1213 578 1269 642 du-

166 679 258 743 bituri
280 686 425 759 oporteat
446 697 486 743 an
508 680 633 743 omnino
654 696 759 743 uerum
781 681 909 743 nonsit.
943 680 987 742 De
1001 678 1177 742 nominibus
1190 685 1270 740 certe

168 793 248 856 quae
268 776 311 840 illi
333 778 480 861 aderunt,
507 773 675 858 κυδάλιμος
696 785 754 841 eto.
783 779 999 842 controuersia
1025 776 1109 840 nulla
1130 785 1179 841 est
1201 777 1274 856 quin

167 876 362 941 extrinsecus
392 878 544 941 creverint
571 877 650 939 siout
679 877 740 939 alia
767 893 925 957 paragoge
956 884 1018 939 tum
1047 876 1137 955 liujus
1167 875 1274 938 literae

168 969 328 1053 διψαλέος,
349 969 521 1051 πειναλέος,
545 983 607 1036 tum
630 974 757 1037 alierum
776 970 969 1052 λεπτακινός,
992 968 1174 1054 ὁεψακερός,
1196 993 1275 1035 πευ-

169 1066 308 1151 κεδανός,
329 1068 511 1154 sepimus,
534 1073 571 1136 de
593 1071 704 1154 quibus
726 1073 840 1154 scripsi
862 1073 900 1136 ad
920 1075 968 1152 llj.
984 1089 1013 1152 p.
1026 1071 1096 1135 403.
1122 1073 1222 1133 Acne
1237 1069 1275 1133 de

170 1170 274 1234 verbis
295 1170 416 1252 quidem
437 1172 643 1238 concedimus.
676 1169 754 1233 Nam
774 1178 807 1233 ut
822 1164 992 1250 ἁρπαλίζω,
1012 1169 1196 1248 mettre,
1217 1166 1276 1248 ῥα

170 1269 300 1347 amne,
331 1273 538 1352 οτροφαλίζω,
566 1271 730 1352 neapolitae
752 1287 770 1332 a
791 1271 966 1333 nominibus
990 1269 1082 1332 ducta
1103 1275 1178 1332 sunt
1198 1284 1276 1347 qnae

173 1384 280 1431 omnes
294 1376 424 1453 norant,
445 1371 492 1433 sie
506 1370 569 1433 illls
582 1368 685 1432 verbis
703 1383 783 1448 quae
796 1369 857 1430 boo
869 1366 1066 1432 laudamento
1080 1374 1199 1447 carent,
1219 1359 1275 1448 ὀρ-

171 1467 315 1545 ταλλζοο,2
338 1468 520 1546 ποιοαλλζω,
541 1467 712 1543 πυκταλίζω
732 1468 909 1546 notitiaque
930 1465 1085 1542 καψαλλζω
1109 1470 1140 1528 el
1162 1462 1277 1546 ῥογχα-

171 1564 242 1645 idco
262 1567 328 1633 sive
349 1563 533 1648 ῥουχολίζα,
555 1573 588 1630 et
608 1565 802 1631 encomium
822 1559 998 1646 amolcie,
1026 1557 1163 1645 ἄμαλλα
1183 1559 1277 1647 (Ἠρ-

172 1658 318 1729 ταλέοπο
344 1657 512 1743 mooun
538 1663 624 1746 Hes.)
660 1665 785 1733 nomine
818 1664 957 1731 substrui
989 1670 1125 1744 possunt
1153 1664 1278 1746 oblivia,

176 1760 341 1827 obliterata
361 1770 415 1827 aut
436 1765 528 1829 etiam
550 1764 687 1843 cogitata
706 1764 805 1843 magis
825 1780 917 1844 quem
939 1779 998 1827 usu
1011 1769 1178 1844 percepta3
1207 1779 1277 1826 nam

176 1857 285 1933 Gracci
306 1862 337 1927 in
359 1861 533 1928 derivandis
554 1861 715 1927 vocabule
736 1877 799 1927 uou
820 1877 944 1942 semper
964 1860 1004 1938 ed
1020 1859 1149 1941 idquod
1164 1859 1279 1936 dotum

175 1963 222 2027 esl
244 1957 301 2028 sed
323 1957 361 2025 ed
383 1958 414 2024 id
434 1958 518 2040 quod
539 1957 599 2031 dici
619 1960 722 2040 potuit
742 1960 874 2023 animum
893 1958 1035 2039 dirigunt.
1076 1959 1277 2040 bonomium,

174 2054 255 2123 uude
269 2055 421 2138 δαμαλίζοι
436 2057 566 2140 pendet,
585 2058 762 2122 memoriam
776 2074 856 2121 unus
870 2058 1005 2121 servavit
1020 2057 1195 2136 Hesychius
1207 2053 1278 2123 Δά-

173 2155 269 2233 μαλος
289 2157 356 2220 sive
377 2152 515 2238 depiles
535 2150 719 2237 ὁὸαμάζωο,
742 2157 929 2236 saepiusque
950 2155 1064 2237 liquida
1086 2163 1140 2231 aut
1159 2157 1191 2219 in
1212 2158 1278 2237 pri-

174 2253 280 2322 mitivo
301 2255 471 2337 mucrpatu
492 2263 556 2321 est:
585 2251 708 2338 βρύλλο
727 2290 768 2305 -
787 2255 949 2343 βροαλλςω,
971 2249 1141 2334 saepedum
1154 2288 1197 2303 --
1208 2255 1279 2319 δα-

174 2354 399 2437 ατομαλλζομαι,
413 2361 467 2427 eut
479 2355 511 2421 iu
524 2355 658 2425 eoobnio
673 2355 766 2425 utet:
787 2348 932 2435 ἆομαλόω
946 2388 987 2399 —
1001 2345 1144 2432 ἇςμαλλοζ
1164 2375 1279 2435 κογχο-

174 2451 246 2529 ebo
274 2446 357 2531 (ἀπὸ
384 2452 442 2517 τοῦ
470 2447 548 2534 ἤχου
573 2453 638 2516 τῶν
664 2449 806 2534 κόγχων)
835 2487 869 2505 ·-·
901 2445 1036 2532 αογχόλη
1064 2457 1096 2519 ct
1122 2447 1279 2519 αοκάλιον.

173 2549 334 2618 Dillioilior
354 2557 403 2617 est
425 2550 570 2614 enodatio
594 2553 683 2617 trium
705 2551 868 2615 uerborum
883 2567 962 2630 quae
980 2550 1163 2615 Euslalbius
1176 2551 1280 2631 edert3

174 2660 233 2715 nec
248 2644 442 2730 desperanda
453 2654 563 2715 temen.
607 2651 660 2715 Sic
674 2651 753 2726 onim
767 2656 882 2731 statuo,
903 2643 1049 2729 μαλάοοω
1063 2665 1127 2715 nou
1139 2666 1158 2714 ο
1170 2645 1280 2730 μάσσω

174 2743 347 2823 proiectum
370 2763 442 2813 esse
464 2746 520 2811 sed
541 2754 703 2828 utrumque
726 2742 844 2827 apoto,
866 2746 949 2826 quod
971 2746 1098 2813 eandem
1120 2746 1281 2830 depsendi,

175 2840 337 2923 subigendi
356 2851 389 2909 et
409 2844 563 2909 molliendi
577 2847 832 2926 significationem
850 2845 998 2910 babuisse
1018 2852 1148 2927 apparet
1163 2862 1203 2909 en
1216 2847 1281 2910 He-

176 2940 275 3023 spobii
302 2943 411 3023 glossa
436 2940 568 3009 Μάοοοι
592 2946 748 3026 φυρᾶσαι,
781 2939 889 3025 apoto
911 2951 1012 3026 certe,
1037 2960 1101 3011 uon
1123 2961 1142 3005 a
1162 2939 1280 3024 μάσσω.

174 3037 254 3104 Hinc
274 3039 366 3119 igitur
384 3036 493 3123 μάσσω
515 3044 614 3107 extitit
636 3051 670 3107 ut
691 3045 730 3109 eb
751 3043 936 3122 homonymo
957 3037 1027 3123 μάω
1043 3037 1192 3125 (μαιμοὶω)
1206 3065 1282 3125 μαι-

176 3130 285 3216 pecco
300 3146 331 3205 el
344 3156 363 3204 a
374 3136 464 3204 θλάω
478 3139 615 3217 elbum,
633 3135 718 3220 dpoico
731 3135 856 3221 ὅράοοω
874 3136 1035 3222 (belioco),
1047 3136 1133 3222 epoto
1146 3136 1281 3224 τμήοσω.

177 3232 267 3308 Quod
287 3237 316 3299 si
338 3240 492 3305 sermonis
514 3240 674 3306 architecti
696 3236 797 3321 apulo
815 3241 943 3321 primum
955 3235 1071 3320 μάλλω,
1095 3237 1206 3306 debinc
1219 3263 1282 3320 μα-

176 3328 281 3399 elaea
302 3344 540 3420 propagassent,
567 3340 613 3402 sic
631 3347 664 3404 ut
683 3335 785 3414 οοοὶω
800 3376 840 3389 -
853 3334 961 3413 ψάλλω
975 3331 1182 3415 ν-ψαλοὶοοω,
1204 3356 1282 3406 snus

179 3433 289 3515 cuique
303 3441 463 3501 constaret
486 3434 579 3517 ord03
602 3435 659 3503 sed
679 3437 723 3501 illi
741 3437 924 3525 interrupto,
945 3442 979 3500 ut
999 3453 1096 3517 saepe
1116 3435 1159 3518 lit,
1181 3453 1283 3502 rerum

245 3635 275 3700 2)
296 3633 359 3687 'And
378 3636 424 3687 τοῦ
442 3636 497 3703 boon
519 3635 597 3704 ὁρτάς
613 3639 661 3692 καὶ
679 3636 845 3707 πλεονασμῷ
863 3637 992 3711 ὀρταλίζω
1009 3635 1097 3690 Soloi.
1114 3636 1194 3693 Arist.
1214 3638 1280 3707 qu.

180 3717 401 3777 reseruemur
422 3732 567 3784 cognomen
584 3718 687 3777 Ortelus
704 3721 890 3782 Valckenarius
914 3723 938 3775 in
959 3719 1059 3777 Gallim.
1085 3734 1111 3788 p.
1134 3719 1175 3775 60.
1201 3736 1282 3787 grae-

180 3815 239 3855 cum
258 3814 317 3855 esse
335 3805 408 3871 putat
423 3804 452 3853 ut
472 3800 592 3869 ὀρταλίς,
611 3801 762 3873 ὀριλλιχος.
798 3803 862 3860 llihi
884 3805 982 3862 rectius
1001 3801 1120 3857 Hortalus
1138 3802 1218 3856 scribi
1237 3806 1281 3856 vi.

181 3881 257 3942 detur
282 3888 311 3935 ut
326 3882 475 3938 Fundanius
499 3882 645 3952 Fundulus,
665 3885 888 3954 Furius(l·'usius]
914 3886 997 3939 lusus
1020 3900 1045 3937 v.
1064 3884 1155 3951 Sigon.
1179 3886 1212 3939 ad
1227 3886 1281 3939 le.

179 3965 287 4020 lltilllll.
306 3970 331 4032 λ,
351 3970 390 4022 10.
416 3965 518 4022 Halous
543 3967 698 4033 Marcellos,
722 3970 792 4023 Titus
817 3971 920 4036 Tatius,
945 3969 1041 4038 bisque
1064 3969 1160 4025 similia
1187 3970 1282 4024 Hostus

178 4049 319 4116 Hostilius,
337 4051 428 4106 Vibius
444 4050 582 4117 Vibienus,
603 4051 727 4111 Claudius
745 4052 920 4119 Cleurdiauus,
937 4052 1030 4108 Aelius
1048 4049 1188 4118 Aelianus,
1206 4053 1283 4110 delia

178 4128 268 4186 Helles
284 4138 335 4189 etc.
