2648 4756
72 337 125 403 DE
144 336 240 404 holt.
262 335 428 414 QUORUM
443 334 554 401 cltlh.
573 333 651 399 EST
668 332 885 402 GUTTURAL.
908 338 940 403 C.
955 339 990 403 ll.
1015 347 1044 417 s.
1059 343 1088 408 l.
1109 344 1172 415 321

66 503 151 566 ciunt
170 502 310 566 Philemo
332 500 403 567 297.
425 507 456 565 et
482 500 583 564 Draco
611 498 661 565 38.
687 495 808 581 βοϊκός,
838 498 981 584 δορικός,
1009 505 1174 589 κεραμικός

64 597 102 664 τὸ
124 606 138 664 ῑ
160 595 292 682 μακρόν,
313 600 365 663 uhi
386 615 460 663 casn
482 599 735 679 praetermissum
756 598 885 683 videtur,
907 601 990 682 qnod
1010 612 1170 685 postremo

65 699 253 763 simillimum
275 705 337 779 est,
365 692 524 770 δεκεδικός.
568 696 631 762 Sed
658 696 865 761 Herodianum
897 708 1025 780 apatre
1046 703 1170 770 disces-

64 800 150 862 sisse
172 797 410 862 Choerohoscns
432 794 525 859 tradit
547 794 616 872 183,
637 794 686 859 31.
707 790 800 877 βοϊκὰ
829 789 918 879 ζεύγη
946 791 965 879 ἡ
992 798 1167 882 παράδοσις.

57 890 254 979 Ἡρωδιανὸς
273 888 306 956 δέ
326 888 380 956 διὰ
400 887 585 975 διφδὸγγου.
622 886 661 955 ‘O
682 891 715 956 δὲ
734 892 826 975 λόγος
846 889 887 958 οὐ
913 903 1065 977 συγχωρεῖ
1088 904 1168 969 nudo

63 1002 152 1076 patet
173 992 369 1072 displicuisse
391 993 419 1056 ei
440 994 531 1056 istam
553 991 697 1072 adjectivi
724 993 827 1057 ficticii
854 991 995 1076 βοιιακός
1022 998 1054 1060 in
1082 1000 1168 1078 βοιι.

64 1087 122 1167 κός
142 1092 333 1171 synaeresin.
377 1090 485 1171 Neque
506 1091 599 1153 nohis
620 1089 739 1172 placet3
761 1090 817 1153 sed
839 1109 989 1173 quaenam
1010 1097 1076 1159 iota
1090 1114 1169 1179 pro·

66 1189 195 1254 ducendi
216 1190 296 1252 ratio
320 1190 425 1265 inerit,
453 1188 548 1251 nihilo
576 1189 674 1268 magis
706 1187 894 1268 dispicimus.
942 1192 1080 1258 Alterum
1109 1196 1168 1260 ad·

61 1291 164 1370 jungit
184 1286 294 1351 l’ollnn
323 1286 370 1350 vl.
398 1284 447 1350 53.
471 1279 564 1364 κρέας
587 1278 694 1348 decade
720 1279 763 1359 ὥς
789 1283 927 1367 βοεικόν,
956 1291 1008 1354 nbi
1041 1294 1167 1361 codices

66 1403 155 1452 more
181 1385 275 1450 solito
303 1385 368 1447 iota
394 1383 561 1466 praehent;
595 1389 627 1445 et
652 1384 768 1465 pariter
793 1384 875 1464 apud
904 1387 1049 1455 'lhomam
1081 1388 1169 1458 ὕειον

63 1480 157 1569 κρέας
176 1477 219 1567 μὴ
239 1477 305 1565 λέγε
326 1474 390 1545 ἀλλ’
413 1475 472 1555 ὑὸς
491 1474 583 1560 κρέας
602 1477 655 1543 καὶ
675 1474 784 1543 decada
803 1476 846 1556 ὦς
870 1481 994 1566 docenda
1015 1488 1084 1552 lrhri
1107 1490 1168 1555 ali-

65 1590 143 1666 quot
170 1577 295 1666 βοϊκόν,
328 1586 508 1644 constantes
535 1580 566 1642 in
588 1578 703 1661 altero,
731 1578 787 1642 sed
817 1580 877 1644 hoc
903 1599 1027 1664 quoqne
1054 1585 1168 1667 duplici

63 1682 158 1748 modo
188 1682 335 1762 scriptum
364 1684 413 1741 est
441 1676 523 1759 apud
549 1676 801 1761 Xenophontem,
837 1681 888 1760 qui
921 1674 1015 1745 ὑϊκδν
1040 1679 1169 1767 πάσχειν

64 1781 150 1857 dixit,
173 1795 232 1842 nec
253 1782 385 1858 sequuta
406 1781 455 1839 est
475 1775 692 1858 reprehensi03
721 1775 778 1839 sed
806 1781 989 1857 possessive
1018 1780 1079 1845 dici
1107 1800 1168 1848 ve-

65 1884 145 1942 tant:
167 1869 261 1940 ὑϊκὸν
276 1870 371 1957 δέρμα
386 1866 444 1954 οὐχ
457 1870 583 1956 εὕρηται
604 1873 631 1936 εἰ
650 1866 694 1956 μὴ
714 1868 785 1955 παρ’
804 1868 962 1963 Ἀξιονέκῳ
975 1880 1017 1955 (v.
1032 1880 1164 1947 Meinelh

65 1978 150 2041 Com.
175 1975 208 2040 Τ.
229 1974 278 2038 ill
307 1973 392 2055 536.)
418 1968 592 2055 ἡμάρτηται
588 1966 666 2065 -δέ
693 1965 839 2036 οὐδέποτε
865 1968 926 2056 γὰρ
951 1971 1029 2052 λέξις
1057 1980 1165 2060 νημαι.

63 2088 185 2168 νουσα-
183 2067 276 2154 μέρος
295 2066 436 2152 σώματος
455 2066 513 2151 ἔχει
531 2069 574 2142 εἰς
593 2090 652 2132 κον
671 2065 817 2151 κτηνικὸν
836 2064 913 2135 ἀλλὰ
940 2067 993 2135 διὰ
1018 2075 1166 2161 καθαροῦ

63 2173 122 2236 τοῦ
142 2190 189 2234 ον
209 2163 250 2233 οὐ
270 2163 330 2250 γὰρ
348 2164 474 2250 λέγομεν
492 2163 631 2250 χοιρικὸν
650 2163 742 2248 κρέας
763 2162 837 2231 οὐδὲ
856 2164 1056 2251 ἀνθρωπικὰς
1075 2176 1164 2256 ποῦς,

64 2263 136 2335 οὐδ’
160 2258 220 2333 οὖν
238 2261 330 2331 diedo
349 2262 446 2349 δέρμα
466 2260 542 2329 mad
564 2264 652 2330 deoc
672 2267 737 2330 ΕΜ.
761 2265 830 2348 775,
853 2266 902 2332 30.
924 2267 1065 2349 idemque
1084 2270 1166 2337 inter

63 2362 191 2452 κτητικὰ
222 2362 271 2429 ἐπὶ
300 2364 365 2426 τῶν
394 2366 577 2451 σωματικῶν
604 2365 706 2445 μερῶν
736 2360 1038 2447 παραλαμβανόμονα
1070 2370 1165 2433 refert

64 2471 155 2533 etiam
178 2461 277 2546 βόειος
298 2458 426 2545 κεφαλή.
468 2463 533 2527 Nee
560 2464 632 2527 mihi
659 2464 846 2544 persuadere
871 2480 1000 2545 possum
1022 2465 1166 2530 Chaero-

63 2566 193 2629 hoscnm
215 2562 385 2624 affirmasse
408 2563 593 2624 contrarium
615 2580 644 2641 p.
670 2561 738 2643 183,
763 2563 809 2626 15.
831 2557 951 2644 βοεικδς
977 2558 1028 2626 διὰ
1054 2567 1109 2647 τῆς
1126 2553 1164 2630 εἰ·

62 2665 202 2745 σημαίνει
223 2656 282 2741 γὰρ
294 2655 385 2740 μέρος
395 2655 543 2739 σώματος,
558 2659 612 2722 scd
629 2662 733 2740 potius
746 2657 844 2740 βόειος
858 2662 964 2741 (ποῦς)
980 2665 1163 2745 scripsisse3

62 2778 132 2823 nam
154 2754 274 2840 βοεικός
294 2775 356 2820 non
379 2759 478 2820 minus
500 2758 623 2836 regulae
645 2757 827 2819 adversatur
842 2755 1056 2839 qnamdoiade.
1078 2763 1163 2825 llaec

63 2867 164 2923 antem
187 2857 292 2935 regula
314 2873 376 2918 non
396 2856 568 2934 infringitur
590 2871 628 2916 eo
651 2854 731 2932 qnod
753 2855 914 2935 Euripides
942 2851 1084 2935 μέτοικον
1111 2858 1164 2918 ἱπ-

62 2953 251 3021 condedisti
274 2950 408 3036 οῑὸμμοι
434 2948 582 3033 πωλικόν,
607 2950 699 3030 idque
725 2951 763 3014 de
792 2954 870 3012 vivis
899 2961 932 3012 nt
961 2951 1166 3015 Callimachus
1238 2964 1244 2975 ·

64 3057 127 3120 Cal.
149 3054 198 3118 63.
222 3048 383 3134 δεσποτικὴ
404 3051 476 3132 χείρ,
507 3057 615 3112 contra
643 3063 732 3125 quam
759 3048 938 3109 Ammonius
969 3048 1063 3111 edixit
1090 3046 1165 3131 βοὸς

63 3149 145 3225 ιιούς
166 3147 215 3213 ἐπὶ
237 3151 357 3226 ζῶντος,
378 3146 479 3231 βόειος
498 3143 531 3210 δὲ
551 3143 600 3209 ἐπὶ
620 3145 741 3224 νεκροῦ.
770 3143 815 3206 Εα
838 3145 951 3225 qnippe
973 3149 1093 3226 poetica
1115 3155 1164 3213 est

63 3254 234 3332 usurpatio.
285 3248 446 3326 Nunquam
476 3263 549 3308 vero
584 3246 615 3307 in
644 3243 900 3323 vituperationem
930 3244 1062 3306 adducta
1092 3252 1164 3309 sunt

63 3352 199 3433 epitheta
226 3353 447 3426 jumentorum,
477 3344 532 3408 sed
562 3344 665 3423 ζεῦγος
692 3335 814 3422 βοιικόν
840 3342 1067 3420 Aristophanes
1094 3344 1163 3422 ipse

64 3450 149 3529 dixit,
172 3449 276 3526 ζεῦγος
296 3438 419 3524 ὀρεικόν
441 3443 490 3506 vel
512 3435 629 3520 ὀρικόν,
653 3456 721 3503 nam
744 3441 802 3501 hoc
825 3455 948 3517 quoqne
970 3438 1075 3519 fluitat,
1098 3441 1165 3501 he-

63 3548 207 3626 schincs‚
235 3545 322 3607 Plato
353 3549 383 3604 et
413 3557 566 3621 suppares
593 3557 621 3601 v.
650 3539 851 3601 Schoemann.
880 3535 918 3598 ad
945 3536 1064 3598 lsaenm
1093 3536 1163 3600 314.

64 3645 221 3710 Sohaeier.
243 3642 281 3704 ad
303 3641 453 3704 Plutarch.
477 3640 508 3701 T.
529 3638 578 3700 lll.
603 3633 671 3700 194.
693 3630 775 3715 ἅρμα
794 3630 932 3698 πωλικόν
954 3634 1045 3714 Corp.
1071 3634 1166 3697 lnscr.

63 3760 92 3806 n.
122 3740 214 3804 2758.
242 3741 345 3820 ζεῦγος
375 3732 483 3800 ὀνικόν
510 3742 541 3798 ct
561 3727 725 3814 ἡμιονικόν
745 3733 914 3813 Xenopho,
944 3726 1080 3793 πωλικόν
1109 3731 1167 3792 ΛΙ-

64 3856 158 3902 caens
181 3837 267 3900 Phot.
289 3833 393 3919 ἀπήνη
413 3830 532 3915 notaui)
556 3839 586 3894 et
606 3827 706 3911 ὄχημα
726 3826 851 3890 ἱππικόν
874 3828 1057 3908 Sophocles.
1099 3827 1168 3890 llo-

63 3954 129 4000 rnm
153 3936 305 4015 scriptura
328 3952 480 4016 nunqnam
501 3935 532 3994 in
554 3929 798 3993 controversiam
820 3934 931 3989 vocata
948 3933 1005 4008 cst,
1025 3925 1081 3989 sed
1098 3943 1167 3990 cur-

63 4037 112 4097 nis
135 4033 319 4112 disceptatio
342 4031 380 4095 ad
402 4034 536 4113 qninqne
554 4028 608 4090 illa
629 4025 752 4105 recidit,
780 4040 908 4103 qnorum
937 4040 1027 4086 unum
1048 4018 1168 4103 βοεικός

64 4135 95 4195 in
117 4130 264 4210 quadrum
286 4128 383 4208 redigi
405 4145 500 4210 posse
522 4128 649 4206 negavi,
672 4122 838 4187 secundnm
860 4117 999 4202 δαρεικὸς
1020 4127 1050 4184 et
1071 4138 1166 4202 pere-

98 4245 207 4295 Lodeck.
224 4244 360 4306 Partotog.
917 4218 955 4282 21
