2648 4756
180 365 233 430 llll
247 363 344 430 ΝΟΜ.
360 363 525 442 ououult
541 365 654 431 cndu.
665 365 743 434 EST
756 368 888 437 sicula
909 371 942 437 C.
958 372 980 437 1.
998 379 1028 449 ς.
1036 374 1065 440 2.
1113 377 1174 447 411

97 545 111 593 e
133 529 300 613 affingunt,
327 530 367 594 ul)
397 530 506 610 clymis
529 529 678 612 pleraque
705 531 822 613 ignotis
840 533 933 600 duola
952 537 984 601 in
1005 538 1093 605 libris
1115 560 1177 607 uc-

97 629 147 692 tris
162 646 221 693 neo
236 630 316 692 inter
326 645 361 693 se
374 626 574 710 concordant,
588 644 647 692 neo
667 646 736 693 oum
750 635 926 714 praeceptis
942 636 1174 706 Teolrniccrum.

97 729 124 789 οι
111 722 179 800 εἰς
191 743 268 809 ησος
192 715 420 803 -ὀξύνιται
438 722 624 809 Ταρτησσός,
634 725 829 812 Λυρνησσός,
838 730 1051 815 Λνιιαβησσός
1063 759 1100 801 το
1087 733 1176 820 μέν

97 846 120 888 ιι
136 820 366 942 Καρησόςτινὲς
377 821 560 909 βαρύνουσι.
582 826 625 889 Εἰ
638 821 672 890 δέ
683 848 712 889 τι
724 823 902 909 βαρύτονον
913 830 970 912 εἴη,
984 832 1177 945 παρώνυμον

97 917 221 1005 νεῖη*
197 944 241 997 ως
267 917 302 986 τὸ
322 918 564 1006 Μάρπησσος’
545 919 609 987 απὸ
635 926 694 989 τοῦ
714 921 939 1008 Mdpupooo’*
917 951 938 1010 η
959 925 1113 996 σύνθετον
1132 929 1176 1013 ὥς

97 1018 272 1104 ιυόννησος,
292 1019 478 1105 χερσόνησος
497 1025 569 1087 Arc.
587 1024 636 1087 77.
658 1025 710 1104 qni
731 1033 784 1089 aut
806 1027 908 1090 omnia
921 1027 975 1091 illa
988 1044 1036 1093 sro
1048 1037 1081 1093 nt
1097 1048 1176 1111 syn·

97 1128 153 1184 reta
173 1121 252 1184 lraec
272 1121 399 1202 scripsit
419 1128 473 1184 aut
493 1138 573 1203 pune
595 1138 686 1186 unum
708 1124 806 1202 sigma
826 1121 940 1188 hahent
961 1132 992 1189 et
1014 1144 1093 1207 quae
1113 1128 1175 1194 duo

97 1218 176 1282 rdem
205 1218 350 1299 pensavit
376 1220 498 1284 trutina.
548 1220 670 1285 marius
700 1221 836 1302 loquitur
866 1221 1102 1304 Theognostus:
1136 1224 1177 1293 adr

97 1311 204 1393 ζντονα
223 1309 277 1379 διὰ
296 1312 356 1380 660
376 1332 416 1381 σσ
435 1313 610 1402 γράφονται
625 1315 849 1401 Μνααόησσός,
876 1318 1070 1405 Ταρτησσός,
1091 1327 1175 1410 Λυρ-

97 1410 193 1498 2⁶⁶&
210 1408 375 1497 ’wamia
389 1412 492 1499 ὄνομα
504 1419 673 1499 mapoffl
688 1410 871 1498 ’cmmoda
887 1417 1069 1536 Μοόηθῠόι,
1090 1427 1174 1489 zat.

97 1509 233 1596 οὸησσός.
279 1509 324 1578 Τὸ
346 1510 481 1599 Κέησσς,
510 1517 663 1630 doit-poor
687 1509 724 1579 δι’
747 1510 818 1590 ἑνὸς
837 1531 856 1579 σ
876 1515 1059 1601 γραφόμενα
1077 1518 1173 1606 βαρύ-

97 1635 183 1678 ινιαι.
230 1607 275 1677 Τὸ
295 1609 494 1697 Μάρπησσος
511 1611 702 1696 παρώνυμον
720 1607 765 1689 ὥς
784 1610 950 1689 Μέλισσος.
991 1618 1048 1683 Hic
1067 1616 1174 1706 Κάρη-

97 1734 123 1788 ις
143 1711 339 1777 condendum
367 1730 440 1778 esse
468 1731 525 1796 pro
547 1707 669 1796 Κέησος
690 1718 820 1796 apparet
849 1731 866 1778 e
889 1714 960 1779 Solu
980 1715 1015 1779 ll.
1036 1714 1100 1784 llll
1122 1719 1172 1786 20.

97 1813 122 1876 ei
142 1811 368 1892 Tyrannionem
395 1811 526 1893 legimus
548 1807 695 1894 Καρησός
721 1812 890 1892 scripsisse
917 1816 1171 1882 cousuetudinem

97 1910 244 1975 molarum
264 1915 443 1992 sequutum,
472 1909 685 1974 Aristarchum
712 1926 787 1974 vero
808 1909 869 1974 luco
890 1926 1002 1975 nomen
1021 1929 1173 1993 gravasse

97 2008 292 2090 improbante
317 2005 493 2071 Herodiano
521 2015 689 2089 propterea
716 2005 800 2089 quod
827 2014 964 2086 onytona
991 2008 1052 2074 dno
1074 2013 1174 2093 sigma

97 2108 201 2172 rheam
220 2100 474 2187 Ἀλικαρνηοσός,
502 2100 724 2189 Λυιοβησσός,
757 2100 950 2187 Ταρρησσός,
976 2105 1050 2170 illud
1071 2126 1172 2176 unum.

97 2224 115 2271 a
137 2202 280 2288 Χόλησος
292 2203 396 2267 Aetoli
413 2202 573 2283 cujusdam
586 2219 699 2268 nomen
719 2202 903 2281 berytonum
920 2209 970 2267 est
989 2203 1096 2282 Polyb.
1109 2207 1173 2271 llll

118 2304 148 2370 2.
176 2300 312 2386 ludaeos,
335 2297 491 2383 Κόβηοος,
513 2297 679 2385 Σόρᾶησος
698 2301 732 2363 in
751 2298 819 2364 cod
842 2300 1001 2382 Stephani,
1024 2297 1173 2386 Πρόμοη.

97 2424 124 2477 ις
143 2401 277 2467 llierool.
292 2399 423 2479 Synecd.
443 2416 469 2464 c.
485 2400 534 2466 26.
556 2399 612 2465 sed
632 2394 821 2481 Πρυμνησός
843 2407 1004 2479 oxytonou
1025 2399 1055 2463 in
1078 2402 1173 2467 omui·

97 2519 128 2564 rs
147 2500 236 2565 codd.
257 2499 348 2563 Puus.
372 2499 405 2561 V.
426 2496 476 2580 21,
496 2498 525 2562 5.
549 2498 670 2561 incolae
695 2499 909 2578 Πρυμνησσεῖς
930 2498 1043 2561 Sestio
1059 2499 1107 2563 lll
1122 2499 1171 2567 66.

97 2595 213 2679 σσησός
233 2596 344 2660 Herod.
365 2595 386 2659 l.
410 2596 457 2660 19.
479 2603 510 2660 et
531 2596 592 2658 alia
612 2593 801 2677 hujusmodi,
834 2611 962 2673 quornm
984 2597 1172 2675 perdilllcilis

97 2695 334 2777 adjudicatio,
364 2697 436 2774 quia
463 2701 495 2758 et
514 2695 546 2756 in
567 2702 697 2757 accentu
719 2710 824 2774 parum
846 2691 916 2755 lidei
938 2701 969 2757 et
991 2697 1089 2775 sigma
1109 2713 1172 2761 non

97 2796 169 2858 llum
188 2795 219 2856 in
240 2793 327 2857 libris
349 2793 405 2856 sed
427 2794 518 2856 etiam
530 2794 562 2854 in
577 2793 706 2854 nummis
723 2798 753 2853 et
766 2789 920 2868 lapidibus
935 2791 1067 2856 literatis
1079 2793 1170 2858 modo

97 2892 190 2956 lditur
211 2890 302 2954 modo
325 2891 463 2954 demitur.
510 2889 626 2952 Eadem
653 2888 862 2950 inconstantia
889 2893 937 2948 est
964 2892 1119 2952 nominum
1141 2892 1173 2953 iu

97 2978 153 3065 Γος
166 2991 339 3086 exeuntium
359 2988 415 3052 sod
433 2989 483 3049 liic
505 2986 565 3050 alia
584 2987 727 3049 molestia
748 2984 868 3047 accedit
890 3000 928 3045 cx
948 2986 1172 3062 permutatione

97 3100 224 3156 terarum
244 3103 283 3152 σσ
304 3098 335 3154 et
354 3109 397 3152 τι.
438 3084 515 3149 Nam
540 3078 726 3163 Παρνασσός
746 3081 866 3162 quidem
887 3097 1041 3162 nunquam
1063 3101 1119 3163 per
1138 3105 1174 3148 το

97 3191 228 3271 tribitur,
256 3206 315 3251 rreo
337 3179 513 3266 Γαργηττός
542 3201 597 3264 per
619 3197 666 3265 oo,
694 3198 750 3261 pro
766 3173 940 3262 Ὑμηιτόςδ
961 3199 1034 3246 vero
1058 3184 1089 3246 in
1108 3184 1173 3247 lle-

97 3279 537 3377 td.lll.137.‘l‘ppeo6‹3ut
566 3275 736 3362 Βριλησσός
764 3282 829 3343 sive
860 3275 1026 3360 Βριλησός,
1055 3281 1111 3344 sed
1142 3289 1173 3345 et

97 3404 129 3452 ιο
154 3400 372 3465 nonnunquam
401 3400 456 3464 per
474 3403 518 3458 τι,
547 3379 719 3460 triplicique
740 3378 831 3442 modo
856 3373 1075 3458 Λυκαβησσός,
1110 3382 1175 3443 Ao

136 3667 166 3731 7)
191 3664 247 3718 lloc
264 3660 381 3731 ignotum
399 3667 453 3727 est;
470 3657 618 3729 Ἀριιησοός
633 3676 695 3709 nou
695 3656 757 3725 apic
783 3656 894 3724 Appiau.
921 3652 976 3708 Cir.
1000 3652 1041 3706 lll.
1068 3653 1125 3709 103.
1147 3660 1174 3708 et

97 3765 231 3889 apopores
250 3750 379 3812 ascripto
398 3745 501 3810 longius
526 3743 669 3807 recedunt;
695 3753 790 3794 numne
773 3735 971 3887 αμίιδερησοός
996 3735 1038 3789 vel
1060 3734 1170 3800 Ἐριιησ

135 3849 224 3898 ονιοιμ
207 3829 308 3880 odnie
312 3826 486 3894 asscripsit?
507 3841 565 3879 uam
583 3824 659 3880 πόλις
678 3827 755 3877 erno
802 3821 967 3887 wesaepius
987 3816 1103 3871 conlusa
1125 3816 1173 3870 Pro

97 3913 219 3979 οδησοός
241 3918 313 3969 certe
334 3908 470 3972 ὀδησοόο
503 3905 648 3977 Ὀρδησσός
673 3840 789 3958 lluvirw
763 3917 858 3957 uomeu
875 3905 902 3955 in
920 3899 996 3954 codd.
1015 3897 1110 3953 llerod.
1132 3899 1174 3954 lV.

97 3997 271 4066 §.rrs'Opdpoo
283 3993 397 4065 'credero
384 4011 412 4049 ος
430 3999 457 4047 cl
469 3993 543 4060 Ὄρδι
546 4009 610 4047 coo·
627 3992 749 4056 scriplum
770 3993 818 4042 usi.

138 4093 195 4163 8)‘'
197 4100 316 4161 ippum
333 4098 554 4161 proparonptonos
572 4087 701 4156 Theoplr.
723 4084 757 4141 de
774 4085 846 4150 Siga.
865 4081 914 4148 ltu.
934 4081 954 4135 l.
974 4079 998 4143 §.
1015 4080 1057 4147 20,
1074 4081 1133 4139 767.
1148 4092 1175 4138 οι

101 4221 108 4234 .
128 4179 153 4246 6,
173 4178 232 4234 795.
251 4184 341 4233 contre
356 4175 474 4244 regulam
490 4173 616 4241 Stephani
634 4186 656 4227 s.
674 4166 838 4237 Γοργηιιόι.
