2648 4756
188 330 255 399 170
536 324 865 394 bissulirarlo
901 324 939 395 ll

185 486 337 576 αιζνμιιιές
355 482 493 572 διηνεκές
513 490 561 571 (ui
581 485 721 573 ξοβυὶιλο
740 488 912 574 ductitium)
934 493 1021 566 λίνος
1040 490 1167 569 αἴλινος,
1176 491 1206 532 ¹⁰
1226 493 1289 556 fieri

185 608 281 676 posse
303 587 454 654 concedet
469 594 501 651 ut
515 583 620 672 Σύμη,
639 586 766 672 Λιούμη
779 596 811 654 et
828 586 951 674 Οἰσύμη
963 591 1043 656 idem
1058 607 1172 654 nomeu
1187 592 1288 671 luerim

183 685 278 772 Σύμη
300 695 402 753 autem
429 687 555 768 ypsilou
583 695 693 753 natura
713 688 807 752 breve
828 689 922 753 babet
950 698 982 754 ιιι
1004 696 1112 753 οοιοιι
1140 689 1289 769 bisyllaba

182 786 288 872 Δύμη,
312 783 418 869 Κύμη,
440 781 581 869 Στρύμη.
623 786 789 850 Multorum
818 804 879 851 una
907 790 998 853 nobis
1026 789 1162 851 innotuit
1185 789 1288 870 souma,

183 907 204 955 ι
222 884 318 970 μέρος
338 882 479 968 upupam
499 886 564 949 Eli.
584 882 655 968 693,
676 886 726 950 34.
750 886 993 951 excussavocali
1007 894 1041 950 ut
1054 884 1241 969 ιιιαηρύσιος
1253 924 1289 935 -

183 989 223 1053 ιι
250 983 333 1069 ιηύω
360 980 493 1067 ἐρυμυύς
520 983 703 1065 discrepans
731 987 859 1065 proprio
888 985 1025 1065 Erycina
1052 987 1154 1050 Valer.
1192 987 1286 1050 llaec.

181 1087 233 1153 ιιι
255 1085 324 1152 194.
347 1083 431 1166 quod
452 1101 471 1148 a
492 1082 705 1147 Grammaticis
727 1084 892 1164 significari
911 1082 1033 1148 ridetur
1048 1103 1076 1149 r.
1090 1085 1204 1149 Parall.
1221 1085 1286 1150 422.

183 1187 223 1251 ab
244 1183 313 1260 ἕλος
331 1181 441 1266 ἔλυμος
461 1182 527 1246 Ειι.
558 1180 616 1246 sed
637 1186 669 1244 el
696 1177 837 1264 ἐλύμνιαι
862 1181 952 1245 δοκοὶ
977 1177 1127 1265 ύρύφιυαι
1152 1186 1228 1248 llos.
1259 1191 1286 1247 ct

179 1274 347 1368 Ἐλύμνιον
368 1283 455 1347 urbis
474 1296 596 1345 nomeu.
639 1279 679 1343 Et
701 1297 831 1362 quorum
853 1283 941 1363 oripo
963 1285 995 1346 in
1013 1284 1172 1348 oblivione
1188 1288 1285 1363 jacet:

181 1380 351 1466 ιιέλυμυον,
372 1377 601 1464 κμοθέλυμνω,
628 1374 808 1461 ύταλύμυου
827 1376 970 1463 δάκρυον
997 1382 1063 1446 Nic.
1091 1378 1286 1463 Λεαέτυμνος

182 1504 212 1549 r.
233 1484 349 1550 Nicias.
372 1479 411 1546 ad
430 1480 532 1559 anuig.
554 1496 581 1544 c.
609 1478 697 1543 llllll.
745 1475 929 1563 Σύρυμυος,
951 1484 1012 1546 uisi
1039 1481 1119 1546 idern
1149 1490 1200 1546 est
1229 1477 1285 1543 ab·

183 1605 289 1665 ηυμος.
332 1581 407 1644 Tum
430 1579 590 1642 feminina:
618 1573 773 1658 Λάρυμνα
800 1596 867 1644 cum
897 1581 1008 1661 plurali
1040 1577 1184 1663 Λώρυμα
1212 1598 1285 1645 con-

184 1684 285 1747 lusum
305 1698 333 1743 r.
357 1676 528 1742 Tzscbucla.
548 1676 587 1740 ad
608 1677 678 1741 bloi
699 1678 734 1741 ll.
755 1678 785 1760 3,
806 1678 836 1743 6.
859 1681 1019 1761 simileque
1041 1680 1198 1760 adjectivo
1214 1698 1285 1745 eva-

182 1779 256 1845 nido
278 1771 457 1858 Λωρυμνόν
476 1770 641 1857 βαθύτατα
665 1773 833 1839 κατωτάτω
853 1779 925 1841 Hes
943 1775 1115 1862 Νώνυμνοι,
1141 1778 1285 1860 Πρύουμ·

180 1898 232 1954 νο,
253 1871 399 1957 Λικύμνα
420 1868 587 1955 ἀκρόπολις
606 1869 769 1957 ἐπώνυμος
787 1877 846 1939 τού
875 1879 1051 1960 Λικυμνίου
1078 1880 1181 1945 Strab.
1213 1879 1283 1944 illl.

181 1974 252 2043 373.
276 1968 430 2055 Καλύμνα
452 1990 514 2037 una
540 1974 708 2037 insularum
736 1973 941 2055 Calyduarum
970 1978 1006 2042 ιι
1034 1978 1103 2044 489.
1131 1979 1221 2043 Eust.
1249 1976 1284 2041 ad

181 2074 271 2139 liion.
293 2073 363 2138 530.
386 2088 516 2153 quorum
538 2079 698 2135 accentum
720 2076 840 2137 coruos
863 2077 1020 2156 corrigere
1040 2077 1183 2157 neglexit,
1198 2077 1224 2117 ¹¹
1256 2082 1285 2140 ot

180 2179 292 2236 uculra
312 2167 490 2253 Λύτυμνον,
508 2165 675 2252 ’Ληύμυιου
695 2178 753 2236 etc.
775 2208 816 2219 -
837 2173 914 2236 Num
936 2192 1012 2240 vero
1033 2192 1089 2257 pro
1102 2182 1126 2239 ιῖ
1138 2192 1285 2239 nonuun-

180 2288 273 2353 quam
299 2273 431 2335 ascitum
460 2270 611 2352 alibuta,
640 2269 719 2334 baud
739 2271 866 2351 perinde
899 2282 1024 2338 certum.
1074 2274 1108 2338 Si
1133 2272 1281 2358 χιηρύμβη,

181 2369 266 2452 quod
284 2368 439 2433 indubiam
460 2368 553 2431 habet
574 2385 642 2431 cum
657 2364 738 2451 χύμη
752 2374 977 2455 cognationem,
998 2372 1037 2437 ad
1050 2377 1182 2455 χηραμις
1196 2394 1281 2440 eom-

181 2486 336 2551 paramus,
358 2467 480 2530 labialis
501 2466 591 2530 litera
611 2466 744 2548 liquidae
766 2468 1001 2534 adminiculandi
1022 2487 1119 2536 causa
1136 2474 1282 2539 'suibuexa

180 2566 319 2644 videtum
340 2573 449 2628 coulra
470 2573 519 2628 cst
541 2567 569 2629 si
590 2565 630 2629 ad
649 2562 753 2649 χῆμαι
775 2574 806 2629 ct
826 2569 968 2650 ηηρμφις,
991 2588 1050 2651 qua
1071 2574 1122 2634 uia
1140 2576 1282 2654 suspicor

180 2681 202 2729 ι
221 2658 313 2743 κέρας
333 2662 372 2725 ad
393 2659 538 2745 κάραβος,
561 2663 708 2745 deinceps
730 2665 769 2728 ad
790 2661 976 2749 κεηύμβηιος
997 2686 1182 2748 processum
1205 2691 1281 2755 esse,

181 2768 214 2827 et
234 2778 253 2825 a
274 2757 407 2842 ούλαβος
427 2764 493 2825 siue
515 2759 634 2844 σαλύβη
654 2762 692 2826 ad
713 2760 862 2846 σαλύμβη,
884 2767 968 2846 quod
991 2767 1219 2850 Glossograpbi
1237 2771 1282 2834 uel

181 2879 201 2927 a
222 2860 325 2925 catto
347 2860 514 2925 derivatum
536 2869 645 2941 putant
666 2863 738 2942 quia
760 2864 916 2927 fenestrae
931 2866 1040 2928 crebro
1056 2867 1086 2928 iu
1101 2876 1190 2931 motu
1204 2879 1280 2951 sunt,

180 2961 231 3026 uel
252 2980 271 3025 ι
291 2957 389 3038 σέλας,
411 2960 478 3040 μιιι
501 2967 661 3040 utrumque
683 2961 909 3040 probabilitate.
952 2959 1122 3046 Κύρυμβος
1143 2978 1280 3033 neutram

181 3075 389 3124 consonarum
411 3059 545 3123 nativam
567 3057 680 3121 babere
702 3059 817 3122 clarum
839 3061 953 3124 faciunt
975 3069 1108 3141 cognata
1132 3062 1233 3150 κόρση
1253 3075 1279 3132 et

178 3153 285 3237 κόρυς,
307 3160 387 3220 sicut
409 3173 425 3218 c
447 3152 571 3238 κορυφή
593 3156 746 3237 colligitur
768 3158 985 3224 immutabilem
1006 3161 1160 3227 secundas
1191 3183 1279 3247 agero

248 3436 292 3503 10)
310 3435 456 3504 Hesychius
474 3433 607 3487 Θύσσεται
625 3435 789 3497 τινάσσεται,
809 3440 983 3509 Θυσσύμιναι
999 3442 1150 3511 σειόμεναι,
1170 3452 1278 3516 quoin.

178 3519 287 3581 tellectu
309 3525 350 3574 osi
369 3517 458 3587 ηύλλα
478 3517 669 3585 αλονσσόμινα
688 3522 713 3572 in
731 3520 827 3589 Suppli.
847 3523 887 3577 Fr.
907 3526 949 3578 lV.
974 3527 1022 3582 scd
1046 3526 1097 3580 hoc
1115 3530 1203 3597 ipsum
1221 3548 1278 3588 ver.

178 3601 240 3657 bum
264 3601 433 3655 liubuleuius
463 3600 495 3654 ab
523 3600 654 3667 Hesychio
681 3607 804 3670 scriptum
828 3613 907 3673 putat.
949 3610 1004 3665 b'ec
1028 3614 1125 3665 certius
1150 3617 1277 3685 αι’ωιιμηη

182 3685 250 3753 apud
269 3684 381 3739 eundem
400 3699 446 3751 pro
464 3684 573 3752 ώλίννί·
610 3684 728 3752 ineptum
749 3688 812 3740 illud
833 3690 894 3743 sch.
914 3691 992 3745 Arist.
1017 3692 1101 3746 liubb.
1128 3699 1203 3755 1215.
1230 3714 1278 3757 cm.

179 3767 227 3837 pi,-
245 3770 326 3824 ι’νινιος
349 3764 404 3816 bai
427 3766 475 3819 τού
500 3770 612 3834 recipiar
632 3764 646 3818 ύ
672 3768 754 3836 ταχύς
779 3769 848 3823 ὅθεν
871 3777 917 3825 καὶ
935 3775 1061 3844 ηιηηρός,
1097 3779 1154 3835 Nec
1173 3760 1278 3840 audeam

178 3853 290 3904 nominis
302 3847 393 3911 αιζηός
404 3850 532 3915 originem
540 3851 690 3915 coniectare
704 3866 736 3906 er
749 3852 873 3920 llespcluii
888 3859 975 3923 glossa
988 3859 1119 3926 μινύζηον
1133 3863 1278 3934 ὀλιμόμιον.

218 3963 291 4042 ..11)
309 3961 478 4030 Πολύδαμνα
494 3960 529 4020 ὡς
542 3961 685 4031 Μήθυμνα
703 3965 791 4020 Sellol.
812 3969 861 4023 Od.
882 3971 922 4024 Ν.
941 3974 999 4030 228.
1021 3976 1196 4047 similiterque
1216 3997 1279 4052 quae

178 4049 205 4100 ln
224 4050 366 4103 mereunt
385 4044 425 4113 μὴ
444 4046 543 4114 ἔχοντα
562 4046 678 4108 θηλυκά,
690 4046 836 4118 Ἆτυμνος,
854 4052 1007 4122 Λύκαμνος,
1026 4062 1166 4126 Λιοαμνος
1185 4066 1276 4121 Arcad.

176 4130 218 4187 62.
237 4129 373 4196 Σέλεμνος
391 4128 467 4181 Palis.
488 4127 543 4182 Vll.
562 4128 604 4193 2³,
623 4132 647 4186 ί.
765 4152 771 4159 ’·
