<?xml version="1.0" encoding="UTF-8"?>
<!DOCTYPE html PUBLIC "-//W3C//DTD XHTML 1.0 Transitional//EN"
    "http://www.w3.org/TR/xhtml1/DTD/xhtml1-transitional.dtd">
<html xmlns="http://www.w3.org/1999/xhtml" xml:lang="en" lang="en">
 <head>
  <title>
</title>
<meta http-equiv="Content-Type" content="text/html;charset=utf-8" />
  <meta name='ocr-system' content='tesseract 3.04.00' />
  <meta name='ocr-capabilities' content='ocr_page ocr_carea ocr_par ocr_line ocrx_word'/>
</head>
<body>
  <div class='ocr_page' id='page_1' title='image "./pathologiaeserm00lobegoog_0080.png"; bbox 0 0 2648 4756; ppageno 0'>
   <div class='ocr_carea' id='block_1_1' title="bbox 241 324 1168 411">
    <p class='ocr_par' dir='ltr' id='par_1_1' title="bbox 241 324 1168 411">
     <span class='ocr_line' id='line_1_1' title="bbox 241 324 1168 411; baseline 0.004 -13"><span class='ocrx_word' id='word_1_1' title='bbox 241 333 298 398; x_wconf 81' lang='lat' dir='ltr'><strong>DE</strong></span> <span class='ocrx_word' id='word_1_2' title='bbox 320 330 413 397; x_wconf 80' lang='lat' dir='ltr'><strong>ullu.</strong></span> <span class='ocrx_word' id='word_1_3' title='bbox 434 324 589 396; x_wconf 83' lang='lat' dir='ltr'><strong>uuuulu.</strong></span> <span class='ocrx_word' id='word_1_4' title='bbox 612 329 762 397; x_wconf 78' lang='lat' dir='ltr'><strong>CAUSIS.</strong></span> <span class='ocrx_word' id='word_1_5' title='bbox 796 331 829 398; x_wconf 86' lang='lat' dir='ltr'><strong>C.</strong></span> <span class='ocrx_word' id='word_1_6' title='bbox 844 332 892 399; x_wconf 88' lang='lat' dir='ltr'><strong>iu.</strong></span> <span class='ocrx_word' id='word_1_7' title='bbox 915 341 944 410; x_wconf 74' lang='grc' dir='ltr'><strong>ς.</strong></span> <span class='ocrx_word' id='word_1_8' title='bbox 958 335 987 401; x_wconf 82' lang='grc'><strong>4.</strong></span> <span class='ocrx_word' id='word_1_9' title='bbox 1123 343 1168 411; x_wconf 66' lang='lat' dir='ltr'><strong>dr,</strong></span> 
     </span>
    </p>
   </div>
   <div class='ocr_carea' id='block_1_2' title="bbox 50 494 1167 2344">
    <p class='ocr_par' dir='ltr' id='par_1_2' title="bbox 50 494 1167 2344">
     <span class='ocr_line' id='line_1_2' title="bbox 55 494 1167 577; baseline 0.006 -13"><span class='ocrx_word' id='word_1_10' title='bbox 55 499 95 564; x_wconf 91' lang='lat' dir='ltr'><strong>de</strong></span> <span class='ocrx_word' id='word_1_11' title='bbox 122 515 159 563; x_wconf 90' lang='lat' dir='ltr'><strong>re</strong></span> <span class='ocrx_word' id='word_1_12' title='bbox 183 496 408 577; x_wconf 87' lang='lat' dir='ltr'><strong>sollertissime</strong></span> <span class='ocrx_word' id='word_1_13' title='bbox 433 495 579 575; x_wconf 73' lang='lat' dir='ltr'><strong>exposuit</strong></span> <span class='ocrx_word' id='word_1_14' title='bbox 598 494 746 561; x_wconf 84' lang='lat' dir='ltr'><strong>Lehrsins</strong></span> <span class='ocrx_word' id='word_1_15' title='bbox 766 496 799 559; x_wconf 89' lang='lat' dir='ltr'><strong>in</strong></span> <span class='ocrx_word' id='word_1_16' title='bbox 818 498 988 566; x_wconf 78' lang='lat' dir='ltr'><strong>Aristoteli.</strong></span> <span class='ocrx_word' id='word_1_17' title='bbox 1008 500 1080 569; x_wconf 87' lang='grc'><strong>301.</strong></span> <span class='ocrx_word' id='word_1_18' title='bbox 1106 520 1167 572; x_wconf 84' lang='lat' dir='ltr'><strong>nos</strong></span> 
     </span>
     <span class='ocr_line' id='line_1_3' title="bbox 54 592 1165 677; baseline 0.007 -16"><span class='ocrx_word' id='word_1_19' title='bbox 54 605 181 663; x_wconf 87' lang='lat' dir='ltr'><strong>tantum</strong></span> <span class='ocrx_word' id='word_1_20' title='bbox 209 596 344 661; x_wconf 87' lang='lat' dir='ltr'><strong>dioemns</strong></span> <span class='ocrx_word' id='word_1_21' title='bbox 368 598 517 675; x_wconf 77' lang='lat' dir='ltr'><strong>quantum</strong></span> <span class='ocrx_word' id='word_1_22' title='bbox 544 592 583 658; x_wconf 86' lang='lat' dir='ltr'><strong>nd</strong></span> <span class='ocrx_word' id='word_1_23' title='bbox 603 594 798 674; x_wconf 87' lang='lat' dir='ltr'><strong>propositum</strong></span> <span class='ocrx_word' id='word_1_24' title='bbox 819 598 961 676; x_wconf 76' lang='lat' dir='ltr'><strong>pertinet.</strong></span> <span class='ocrx_word' id='word_1_25' title='bbox 1003 600 1165 677; x_wconf 79' lang='lat' dir='ltr'><strong>Quomodo</strong></span> 
     </span>
     <span class='ocr_line' id='line_1_4' title="bbox 54 690 1165 779; baseline 0.008 -21"><span class='ocrx_word' id='word_1_26' title='bbox 54 696 145 760; x_wconf 88' lang='lat' dir='ltr'><strong>enim</strong></span> <span class='ocrx_word' id='word_1_27' title='bbox 174 690 364 758; x_wconf 85' lang='lat' dir='ltr'><strong>Grammatioi</strong></span> <span class='ocrx_word' id='word_1_28' title='bbox 391 692 521 757; x_wconf 87' lang='lat' dir='ltr'><strong>striotae</strong></span> <span class='ocrx_word' id='word_1_29' title='bbox 547 692 765 755; x_wconf 77' lang='lat' dir='ltr'><strong>observantiae</strong></span> <span class='ocrx_word' id='word_1_30' title='bbox 792 693 859 757; x_wconf 85' lang='lat' dir='ltr'><strong>sivo</strong></span> <span class='ocrx_word' id='word_1_31' title='bbox 887 698 1013 779; x_wconf 77' lang='lat' dir='ltr'><strong>antiqno</strong></span> <span class='ocrx_word' id='word_1_32' title='bbox 1041 702 1165 767; x_wconf 90' lang='lat' dir='ltr'><strong>nomine</strong></span> 
     </span>
     <span class='ocr_line' id='line_1_5' title="bbox 57 782 1165 879; baseline 0.003 -23"><span class='ocrx_word' id='word_1_33' title='bbox 57 790 254 872; x_wconf 75' lang='lat' dir='ltr'><strong>Annlogetiei</strong></span> <span class='ocrx_word' id='word_1_34' title='bbox 274 789 584 870; x_wconf 68' lang='lat' dir='ltr'><strong>Katassoripserunt</strong></span> <span class='ocrx_word' id='word_1_35' title='bbox 605 784 684 871; x_wconf 70' lang='grc' dir='ltr'><strong>πρὸς</strong></span> <span class='ocrx_word' id='word_1_36' title='bbox 700 782 936 875; x_wconf 67' lang='grc' dir='ltr'><strong>ἀντιδιασιολιὶν</strong></span> <span class='ocrx_word' id='word_1_37' title='bbox 949 797 1007 859; x_wconf 82' lang='grc' dir='ltr'><strong>τοῦ</strong></span> <span class='ocrx_word' id='word_1_38' title='bbox 1024 794 1112 879; x_wconf 67' lang='grc' dir='ltr'><strong><em>κριός</em></strong></span> <span class='ocrx_word' id='word_1_39' title='bbox 1133 809 1165 866; x_wconf 78' lang='lat' dir='ltr'><strong>et</strong></span> 
     </span>
     <span class='ocr_line' id='line_1_6' title="bbox 57 882 1164 977; baseline 0.01 -24"><span class='ocrx_word' id='word_1_40' title='bbox 57 884 208 970; x_wconf 64' lang='grc' dir='ltr'><strong>Σώμιας</strong></span> <span class='ocrx_word' id='word_1_41' title='bbox 228 886 435 951; x_wconf 82' lang='lat' dir='ltr'><strong>distinxerunt</strong></span> <span class='ocrx_word' id='word_1_42' title='bbox 456 903 475 950; x_wconf 92' lang='lat' dir='ltr'><strong>a</strong></span> <span class='ocrx_word' id='word_1_43' title='bbox 495 882 633 968; x_wconf 79' lang='grc' dir='ltr'><em>σναμνός</em></span> <span class='ocrx_word' id='word_1_44' title='bbox 654 888 774 966; x_wconf 81' lang='lat' dir='ltr'><strong>(Ledrs.</strong></span> <span class='ocrx_word' id='word_1_45' title='bbox 792 887 861 953; x_wconf 83' lang='grc'><strong>296.</strong></span> <span class='ocrx_word' id='word_1_46' title='bbox 884 896 915 953; x_wconf 91' lang='lat' dir='ltr'><strong>et</strong></span> <span class='ocrx_word' id='word_1_47' title='bbox 935 893 1019 977; x_wconf 72' lang='lat'><strong>2⁵16.)</strong></span> <span class='ocrx_word' id='word_1_48' title='bbox 1039 898 1084 962; x_wconf 90' lang='lat' dir='ltr'><strong>ita</strong></span> <span class='ocrx_word' id='word_1_49' title='bbox 1096 901 1164 964; x_wconf 85' lang='lat' dir='ltr'><strong>Eu-</strong></span> 
     </span>
     <span class='ocr_line' id='line_1_7' title="bbox 53 984 1165 1076; baseline 0.005 -24"><span class='ocrx_word' id='word_1_50' title='bbox 53 987 191 1052; x_wconf 86' lang='lat' dir='ltr'><strong>statlrins</strong></span> <span class='ocrx_word' id='word_1_51' title='bbox 213 986 244 1049; x_wconf 92' lang='lat' dir='ltr'><strong>in</strong></span> <span class='ocrx_word' id='word_1_52' title='bbox 264 984 440 1065; x_wconf 78' lang='lat' dir='ltr'><strong>exemplum</strong></span> <span class='ocrx_word' id='word_1_53' title='bbox 460 986 568 1049; x_wconf 85' lang='lat' dir='ltr'><strong>mutati</strong></span> <span class='ocrx_word' id='word_1_54' title='bbox 589 1001 656 1050; x_wconf 88' lang='lat' dir='ltr'><strong>eum</strong></span> <span class='ocrx_word' id='word_1_55' title='bbox 679 987 784 1066; x_wconf 86' lang='lat' dir='ltr'><strong>speeie</strong></span> <span class='ocrx_word' id='word_1_56' title='bbox 806 996 954 1053; x_wconf 84' lang='lat' dir='ltr'><strong>accentus</strong></span> <span class='ocrx_word' id='word_1_57' title='bbox 975 994 1062 1058; x_wconf 86' lang='lat' dir='ltr'><strong>adert</strong></span> <span class='ocrx_word' id='word_1_58' title='bbox 1079 994 1165 1076; x_wconf 70' lang='lat' dir='ltr'><strong>Apul-</strong></span> 
     </span>
     <span class='ocr_line' id='line_1_8' title="bbox 52 1079 1164 1174; baseline 0.008 -24"><span class='ocrx_word' id='word_1_59' title='bbox 52 1106 130 1168; x_wconf 79' lang='grc' dir='ltr'><strong>μος,</strong></span> <span class='ocrx_word' id='word_1_60' title='bbox 147 1079 279 1167; x_wconf 50' lang='lat' dir='ltr'><strong>‘Pipae</strong></span> <span class='ocrx_word' id='word_1_61' title='bbox 300 1082 416 1164; x_wconf 69' lang='lat' dir='ltr'><strong>Aulon,</strong></span> <span class='ocrx_word' id='word_1_62' title='bbox 440 1082 579 1164; x_wconf 71' lang='grc' dir='ltr'><em>Πρασία,</em></span> <span class='ocrx_word' id='word_1_63' title='bbox 601 1084 712 1163; x_wconf 84' lang='lat' dir='ltr'><strong>quibus</strong></span> <span class='ocrx_word' id='word_1_64' title='bbox 734 1100 813 1163; x_wconf 87' lang='lat' dir='ltr'><strong>quae</strong></span> <span class='ocrx_word' id='word_1_65' title='bbox 835 1090 1001 1154; x_wconf 83' lang='lat' dir='ltr'><strong>ooneinant</strong></span> <span class='ocrx_word' id='word_1_66' title='bbox 1022 1096 1164 1174; x_wconf 88' lang='lat' dir='ltr'><strong>appella-</strong></span> 
     </span>
     <span class='ocr_line' id='line_1_9' title="bbox 54 1179 1165 1272; baseline 0.009 -25"><span class='ocrx_word' id='word_1_67' title='bbox 54 1184 135 1266; x_wconf 83' lang='lat' dir='ltr'><strong>tiva,</strong></span> <span class='ocrx_word' id='word_1_68' title='bbox 163 1184 302 1247; x_wconf 85' lang='lat' dir='ltr'><strong>nltimam</strong></span> <span class='ocrx_word' id='word_1_69' title='bbox 329 1187 452 1244; x_wconf 82' lang='lat' dir='ltr'><strong>neutum</strong></span> <span class='ocrx_word' id='word_1_70' title='bbox 478 1179 594 1245; x_wconf 79' lang='lat' dir='ltr'><strong>habero</strong></span> <span class='ocrx_word' id='word_1_71' title='bbox 614 1180 687 1244; x_wconf 80' lang='lat' dir='ltr'><strong>dieii</strong></span> <span class='ocrx_word' id='word_1_72' title='bbox 709 1198 738 1261; x_wconf 92' lang='lat' dir='ltr'><strong>p.</strong></span> <span class='ocrx_word' id='word_1_73' title='bbox 762 1180 851 1264; x_wconf 83' lang='grc'><strong>1967,</strong></span> <span class='ocrx_word' id='word_1_74' title='bbox 872 1184 921 1249; x_wconf 83' lang='grc'><strong>30.</strong></span> <span class='ocrx_word' id='word_1_75' title='bbox 943 1196 974 1251; x_wconf 85' lang='lat' dir='ltr'><strong>ot</strong></span> <span class='ocrx_word' id='word_1_76' title='bbox 994 1188 1065 1272; x_wconf 84' lang='grc'><strong>638,</strong></span> <span class='ocrx_word' id='word_1_77' title='bbox 1078 1192 1165 1257; x_wconf 73' lang='grc'><strong>57.”</strong></span> 
     </span>
     <span class='ocr_line' id='line_1_10' title="bbox 52 1277 1164 1367; baseline 0.007 -20"><span class='ocrx_word' id='word_1_78' title='bbox 52 1281 117 1347; x_wconf 86' lang='lat' dir='ltr'><strong>sed</strong></span> <span class='ocrx_word' id='word_1_79' title='bbox 145 1281 225 1346; x_wconf 79' lang='lat' dir='ltr'><strong>liaeo</strong></span> <span class='ocrx_word' id='word_1_80' title='bbox 246 1281 293 1345; x_wconf 80' lang='lat' dir='ltr'><strong>itu</strong></span> <span class='ocrx_word' id='word_1_81' title='bbox 319 1277 445 1342; x_wconf 81' lang='lat' dir='ltr'><strong>diversa</strong></span> <span class='ocrx_word' id='word_1_82' title='bbox 471 1286 544 1343; x_wconf 87' lang='lat' dir='ltr'><strong>sunt</strong></span> <span class='ocrx_word' id='word_1_83' title='bbox 570 1285 603 1342; x_wconf 90' lang='lat' dir='ltr'><strong>nt</strong></span> <span class='ocrx_word' id='word_1_84' title='bbox 630 1280 681 1343; x_wconf 92' lang='lat' dir='ltr'><strong>uni</strong></span> <span class='ocrx_word' id='word_1_85' title='bbox 709 1278 835 1357; x_wconf 79' lang='lat' dir='ltr'><strong>regulae</strong></span> <span class='ocrx_word' id='word_1_86' title='bbox 862 1282 975 1362; x_wconf 78' lang='lat' dir='ltr'><strong>subjioi</strong></span> <span class='ocrx_word' id='word_1_87' title='bbox 1001 1298 1164 1367; x_wconf 79' lang='lat' dir='ltr'><strong>nequeant</strong></span> 
     </span>
     <span class='ocr_line' id='line_1_11' title="bbox 51 1371 1164 1465; baseline 0.006 -21"><span class='ocrx_word' id='word_1_88' title='bbox 51 1381 134 1445; x_wconf 83' lang='lat' dir='ltr'><strong>Nam</strong></span> <span class='ocrx_word' id='word_1_89' title='bbox 154 1374 242 1461; x_wconf 67' lang='lat' dir='ltr'><strong>deod</strong></span> <span class='ocrx_word' id='word_1_90' title='bbox 260 1385 292 1442; x_wconf 88' lang='lat' dir='ltr'><strong>et</strong></span> <span class='ocrx_word' id='word_1_91' title='bbox 311 1377 407 1459; x_wconf 70' lang='lat' dir='ltr'><strong>Aulon</strong></span> <span class='ocrx_word' id='word_1_92' title='bbox 419 1375 603 1457; x_wconf 77' lang='lat' dir='ltr'><strong>Aethiopiae</strong></span> <span class='ocrx_word' id='word_1_93' title='bbox 616 1377 701 1456; x_wconf 87' lang='lat' dir='ltr'><strong>urbs,</strong></span> <span class='ocrx_word' id='word_1_94' title='bbox 722 1373 822 1457; x_wconf 70' lang='lat' dir='ltr'><strong>dende</strong></span> <span class='ocrx_word' id='word_1_95' title='bbox 843 1384 874 1441; x_wconf 91' lang='lat' dir='ltr'><strong>et</strong></span> <span class='ocrx_word' id='word_1_96' title='bbox 888 1371 1004 1462; x_wconf 76' lang='grc' dir='ltr'>Ῥύμος</span> <span class='ocrx_word' id='word_1_97' title='bbox 1017 1384 1164 1465; x_wconf 77' lang='lat' dir='ltr'><strong>Soytlrine</strong></span> 
     </span>
     <span class='ocr_line' id='line_1_12' title="bbox 51 1473 1164 1559; baseline 0.007 -18"><span class='ocrx_word' id='word_1_98' title='bbox 51 1478 170 1558; x_wconf 86' lang='lat' dir='ltr'><strong>amnis,</strong></span> <span class='ocrx_word' id='word_1_99' title='bbox 192 1481 281 1557; x_wconf 72' lang='lat' dir='ltr'><strong>entus</strong></span> <span class='ocrx_word' id='word_1_100' title='bbox 300 1476 426 1557; x_wconf 89' lang='lat' dir='ltr'><strong>primam</strong></span> <span class='ocrx_word' id='word_1_101' title='bbox 442 1473 555 1553; x_wconf 79' lang='lat' dir='ltr'><strong>corripi</strong></span> <span class='ocrx_word' id='word_1_102' title='bbox 570 1479 718 1537; x_wconf 78' lang='lat' dir='ltr'><strong>accentus</strong></span> <span class='ocrx_word' id='word_1_103' title='bbox 740 1474 863 1559; x_wconf 79' lang='lat' dir='ltr'><strong>indicat,</strong></span> <span class='ocrx_word' id='word_1_104' title='bbox 884 1476 1070 1559; x_wconf 76' lang='lat' dir='ltr'><strong>homonyma</strong></span> <span class='ocrx_word' id='word_1_105' title='bbox 1091 1492 1164 1549; x_wconf 86' lang='lat' dir='ltr'><strong>eunt</strong></span> 
     </span>
     <span class='ocr_line' id='line_1_13' title="bbox 54 1573 1164 1655; baseline 0.007 -18"><span class='ocrx_word' id='word_1_106' title='bbox 54 1574 108 1638; x_wconf 88' lang='lat' dir='ltr'><strong>rel</strong></span> <span class='ocrx_word' id='word_1_107' title='bbox 137 1575 242 1655; x_wconf 89' lang='lat' dir='ltr'><strong>potins</strong></span> <span class='ocrx_word' id='word_1_108' title='bbox 266 1573 479 1655; x_wconf 82' lang='lat' dir='ltr'><strong>demophona,</strong></span> <span class='ocrx_word' id='word_1_109' title='bbox 509 1576 649 1652; x_wconf 86' lang='lat' dir='ltr'><strong>quaeat</strong></span> <span class='ocrx_word' id='word_1_110' title='bbox 678 1580 808 1636; x_wconf 86' lang='lat' dir='ltr'><strong>aneentn</strong></span> <span class='ocrx_word' id='word_1_111' title='bbox 836 1573 1063 1655; x_wconf 79' lang='lat' dir='ltr'><strong>distinguantur</strong></span> <span class='ocrx_word' id='word_1_112' title='bbox 1089 1581 1164 1646; x_wconf 82' lang='lat' dir='ltr'><strong>nihil</strong></span> 
     </span>
     <span class='ocr_line' id='line_1_14' title="bbox 54 1666 1163 1753; baseline -0.001 -17"><span class='ocrx_word' id='word_1_113' title='bbox 54 1688 172 1736; x_wconf 81' lang='lat' dir='ltr'><strong>causae</strong></span> <span class='ocrx_word' id='word_1_114' title='bbox 200 1678 258 1737; x_wconf 81' lang='lat' dir='ltr'><strong>est</strong></span> <span class='ocrx_word' id='word_1_115' title='bbox 300 1666 429 1753; x_wconf 76' lang='grc' dir='ltr'><strong><em>Δρύμος</em></strong></span> <span class='ocrx_word' id='word_1_116' title='bbox 457 1675 488 1732; x_wconf 90' lang='lat' dir='ltr'><strong>et</strong></span> <span class='ocrx_word' id='word_1_117' title='bbox 518 1668 869 1748; x_wconf 58' lang='lat' dir='ltr'><strong>nordmannorum</strong></span> <span class='ocrx_word' id='word_1_118' title='bbox 896 1672 1163 1752; x_wconf 90' lang='lat' dir='ltr'><strong>oppidornmno.</strong></span> 
     </span>
     <span class='ocr_line' id='line_1_15' title="bbox 51 1766 1162 1861; baseline 0.005 -27"><span class='ocrx_word' id='word_1_119' title='bbox 51 1771 155 1852; x_wconf 86' lang='lat' dir='ltr'><strong>mina,</strong></span> <span class='ocrx_word' id='word_1_120' title='bbox 175 1786 347 1851; x_wconf 72' lang='lat' dir='ltr'><strong>paronpma</strong></span> <span class='ocrx_word' id='word_1_121' title='bbox 367 1767 464 1832; x_wconf 83' lang='lat' dir='ltr'><strong>rideri</strong></span> <span class='ocrx_word' id='word_1_122' title='bbox 486 1771 637 1849; x_wconf 86' lang='lat' dir='ltr'><strong>possunt,</strong></span> <span class='ocrx_word' id='word_1_123' title='bbox 659 1766 716 1831; x_wconf 87' lang='lat' dir='ltr'><strong>sed</strong></span> <span class='ocrx_word' id='word_1_124' title='bbox 736 1769 835 1832; x_wconf 90' lang='lat' dir='ltr'><strong>utrius</strong></span> <span class='ocrx_word' id='word_1_125' title='bbox 855 1772 980 1849; x_wconf 80' lang='lat' dir='ltr'><strong>generis</strong></span> <span class='ocrx_word' id='word_1_126' title='bbox 993 1773 1162 1861; x_wconf 82' lang='lat' dir='ltr'><strong>-ineermm,</strong></span> 
     </span>
     <span class='ocr_line' id='line_1_16' title="bbox 52 1864 1162 1954; baseline 0.006 -23"><span class='ocrx_word' id='word_1_127' title='bbox 52 1870 126 1950; x_wconf 84' lang='lat' dir='ltr'><strong>qnia</strong></span> <span class='ocrx_word' id='word_1_128' title='bbox 148 1873 243 1932; x_wconf 90' lang='lat' dir='ltr'><strong>tonus</strong></span> <span class='ocrx_word' id='word_1_129' title='bbox 263 1884 328 1931; x_wconf 93' lang='lat' dir='ltr'><strong>non</strong></span> <span class='ocrx_word' id='word_1_130' title='bbox 348 1872 490 1944; x_wconf 82' lang='lat' dir='ltr'><strong>oonstat3</strong></span> <span class='ocrx_word' id='word_1_131' title='bbox 512 1864 549 1929; x_wconf 85' lang='lat' dir='ltr'><strong>de</strong></span> <span class='ocrx_word' id='word_1_132' title='bbox 570 1864 624 1928; x_wconf 89' lang='lat' dir='ltr'><strong>illo</strong></span> <span class='ocrx_word' id='word_1_133' title='bbox 643 1873 794 1945; x_wconf 78' lang='lat' dir='ltr'><strong>repugnat</strong></span> <span class='ocrx_word' id='word_1_134' title='bbox 814 1867 966 1932; x_wconf 77' lang='lat' dir='ltr'><strong>Arcadius</strong></span> <span class='ocrx_word' id='word_1_135' title='bbox 988 1875 1077 1951; x_wconf 80' lang='lat' dir='ltr'><strong>nujus</strong></span> <span class='ocrx_word' id='word_1_136' title='bbox 1099 1890 1162 1954; x_wconf 91' lang='lat' dir='ltr'><strong>po-</strong></span> 
     </span>
     <span class='ocr_line' id='line_1_17' title="bbox 51 1955 1163 2051; baseline -0.003 -21"><span class='ocrx_word' id='word_1_137' title='bbox 51 1969 115 2031; x_wconf 82' lang='lat' dir='ltr'><strong>llor</strong></span> <span class='ocrx_word' id='word_1_138' title='bbox 144 1966 317 2029; x_wconf 67' lang='lat' dir='ltr'><strong>auctoritem</strong></span> <span class='ocrx_word' id='word_1_139' title='bbox 345 1982 374 2046; x_wconf 90' lang='lat' dir='ltr'><strong>p.</strong></span> <span class='ocrx_word' id='word_1_140' title='bbox 394 1962 444 2028; x_wconf 86' lang='grc'><strong>60.</strong></span> <span class='ocrx_word' id='word_1_141' title='bbox 471 1957 588 2042; x_wconf 75' lang='grc' dir='ltr'><strong><em>δρυμός</em></strong></span> <span class='ocrx_word' id='word_1_142' title='bbox 613 1955 755 2038; x_wconf 78' lang='grc' dir='ltr'><strong>ὀξύνεται</strong></span> <span class='ocrx_word' id='word_1_143' title='bbox 781 1959 831 2026; x_wconf 73' lang='grc' dir='ltr'><strong>ἐπὶ</strong></span> <span class='ocrx_word' id='word_1_144' title='bbox 857 1966 918 2028; x_wconf 83' lang='grc' dir='ltr'><strong>τοῦ</strong></span> <span class='ocrx_word' id='word_1_145' title='bbox 935 1972 1163 2051; x_wconf 73' lang='grc' dir='ltr'><strong>προςηγοραοῦ</strong></span> 
     </span>
     <span class='ocr_line' id='line_1_18' title="bbox 50 2056 1161 2149; baseline 0.005 -22"><span class='ocrx_word' id='word_1_146' title='bbox 50 2062 106 2127; x_wconf 74' lang='grc' dir='ltr'><strong>καὶ</strong></span> <span class='ocrx_word' id='word_1_147' title='bbox 133 2059 186 2127; x_wconf 78' lang='lat' dir='ltr'><strong>dart</strong></span> <span class='ocrx_word' id='word_1_148' title='bbox 208 2062 269 2127; x_wconf 77' lang='lat' dir='ltr'><strong>rod</strong></span> <span class='ocrx_word' id='word_1_149' title='bbox 293 2062 435 2142; x_wconf 71' lang='grc' dir='ltr'><strong>αυρίαα,Ι</strong></span> <span class='ocrx_word' id='word_1_150' title='bbox 452 2076 551 2139; x_wconf 87' lang='lat' dir='ltr'><strong>neque</strong></span> <span class='ocrx_word' id='word_1_151' title='bbox 580 2076 652 2124; x_wconf 88' lang='lat' dir='ltr'><strong>raro</strong></span> <span class='ocrx_word' id='word_1_152' title='bbox 676 2056 802 2142; x_wconf 78' lang='grc' dir='ltr'><em>Πρασιά</em></span> <span class='ocrx_word' id='word_1_153' title='bbox 822 2061 933 2141; x_wconf 81' lang='lat' dir='ltr'><strong>tegitur</strong></span> <span class='ocrx_word' id='word_1_154' title='bbox 953 2082 980 2128; x_wconf 86' lang='lat' dir='ltr'><strong>v.</strong></span> <span class='ocrx_word' id='word_1_155' title='bbox 1001 2066 1099 2149; x_wconf 85' lang='lat' dir='ltr'><strong>Popp.</strong></span> <span class='ocrx_word' id='word_1_156' title='bbox 1120 2069 1161 2135; x_wconf 88' lang='lat' dir='ltr'><strong>ad</strong></span> 
     </span>
     <span class='ocr_line' id='line_1_19' title="bbox 52 2156 1161 2243; baseline -0.009 -17"><span class='ocrx_word' id='word_1_157' title='bbox 52 2163 149 2226; x_wconf 78' lang='lat' dir='ltr'><strong>Tine.</strong></span> <span class='ocrx_word' id='word_1_158' title='bbox 169 2160 219 2224; x_wconf 83' lang='lat' dir='ltr'><strong>ui</strong></span> <span class='ocrx_word' id='word_1_159' title='bbox 240 2158 292 2224; x_wconf 85' lang='grc'><strong>95.</strong></span> <span class='ocrx_word' id='word_1_160' title='bbox 313 2160 361 2223; x_wconf 86' lang='lat' dir='ltr'><strong>sie</strong></span> <span class='ocrx_word' id='word_1_161' title='bbox 380 2164 414 2221; x_wconf 86' lang='lat' dir='ltr'><strong>ut</strong></span> <span class='ocrx_word' id='word_1_162' title='bbox 435 2156 663 2241; x_wconf 77' lang='lat' dir='ltr'><strong>appellativum,</strong></span> <span class='ocrx_word' id='word_1_163' title='bbox 682 2176 856 2240; x_wconf 87' lang='lat' dir='ltr'><strong>quanquam</strong></span> <span class='ocrx_word' id='word_1_164' title='bbox 879 2159 909 2223; x_wconf 86' lang='lat' dir='ltr'><strong>id</strong></span> <span class='ocrx_word' id='word_1_165' title='bbox 922 2177 1046 2243; x_wconf 79' lang='lat' dir='ltr'><strong>quoqne</strong></span> <span class='ocrx_word' id='word_1_166' title='bbox 1061 2167 1161 2232; x_wconf 83' lang='lat' dir='ltr'><strong>raoil.</strong></span> 
     </span>
     <span class='ocr_line' id='line_1_20' title="bbox 50 2252 1160 2344; baseline 0.001 -20"><span class='ocrx_word' id='word_1_167' title='bbox 50 2262 107 2325; x_wconf 87' lang='lat' dir='ltr'><strong>lat.</strong></span> <span class='ocrx_word' id='word_1_168' title='bbox 148 2259 188 2324; x_wconf 85' lang='lat' dir='ltr'><strong>ut</strong></span> <span class='ocrx_word' id='word_1_169' title='bbox 208 2257 390 2339; x_wconf 83' lang='lat' dir='ltr'><strong>plerumque</strong></span> <span class='ocrx_word' id='word_1_170' title='bbox 415 2254 448 2316; x_wconf 93' lang='lat' dir='ltr'><strong>in</strong></span> <span class='ocrx_word' id='word_1_171' title='bbox 468 2254 528 2317; x_wconf 88' lang='lat' dir='ltr'><strong>hoe</strong></span> <span class='ocrx_word' id='word_1_172' title='bbox 548 2270 662 2335; x_wconf 75' lang='lat' dir='ltr'><strong>genere</strong></span> <span class='ocrx_word' id='word_1_173' title='bbox 684 2256 817 2320; x_wconf 81' lang='lat' dir='ltr'><strong>diastole</strong></span> <span class='ocrx_word' id='word_1_174' title='bbox 838 2255 938 2319; x_wconf 91' lang='lat' dir='ltr'><strong>nulla:</strong></span> <span class='ocrx_word' id='word_1_175' title='bbox 969 2252 1085 2341; x_wconf 75' lang='grc' dir='ltr'><em>Ἆγκών</em></span> <span class='ocrx_word' id='word_1_176' title='bbox 1103 2259 1160 2344; x_wconf 78' lang='lat' dir='ltr'><strong>pd-</strong></span> 
     </span>
    </p>
   </div>
   <div class='ocr_carea' id='block_1_3' title="bbox 50 2346 1161 2440">
    <p class='ocr_par' dir='ltr' id='par_1_3' title="bbox 50 2346 1161 2440">
     <span class='ocr_line' id='line_1_21' title="bbox 50 2346 1161 2440; baseline -0.009 -17"><span class='ocrx_word' id='word_1_177' title='bbox 50 2380 110 2440; x_wconf 78' lang='grc' dir='ltr'><strong>ρος</strong></span> <span class='ocrx_word' id='word_1_178' title='bbox 127 2353 269 2440; x_wconf 73' lang='grc' dir='ltr'><em>σώματος</em></span> <span class='ocrx_word' id='word_1_179' title='bbox 280 2349 335 2418; x_wconf 73' lang='grc' dir='ltr'><strong>καὶ</strong></span> <span class='ocrx_word' id='word_1_180' title='bbox 348 2346 436 2426; x_wconf 74' lang='grc' dir='ltr'><em>πόλις</em></span> <span class='ocrx_word' id='word_1_181' title='bbox 449 2350 560 2417; x_wconf 75' lang='lat' dir='ltr'><strong>Aruud.</strong></span> <span class='ocrx_word' id='word_1_182' title='bbox 571 2353 599 2395; x_wconf 81' lang='lat'><strong>¹⁸</strong></span> <span class='ocrx_word' id='word_1_183' title='bbox 622 2350 773 2436; x_wconf 77' lang='grc' dir='ltr'><em>Θρωσμός</em></span> <span class='ocrx_word' id='word_1_184' title='bbox 794 2346 1006 2435; x_wconf 77' lang='grc' dir='ltr'><strong><em>ὀνομαστικῶς</em></strong></span> <span class='ocrx_word' id='word_1_185' title='bbox 1020 2358 1047 2398; x_wconf 72' lang='lat'><strong>¹⁰</strong></span> <span class='ocrx_word' id='word_1_186' title='bbox 1066 2355 1161 2436; x_wconf 71' lang='grc' dir='ltr'><strong><em>τόπος</em></strong></span> 
     </span>
    </p>
   </div>
   <div class='ocr_carea' id='block_1_4' title="bbox 51 2620 1158 3109">
    <p class='ocr_par' dir='ltr' id='par_1_4' title="bbox 51 2620 1158 3109">
     <span class='ocr_line' id='line_1_22' title="bbox 121 2620 1157 2695; baseline -0.008 -14"><span class='ocrx_word' id='word_1_187' title='bbox 121 2627 166 2691; x_wconf 79' lang='lat' dir='ltr'><strong>iu)</strong></span> <span class='ocrx_word' id='word_1_188' title='bbox 185 2625 256 2678; x_wconf 83' lang='lat' dir='ltr'><strong>Hane</strong></span> <span class='ocrx_word' id='word_1_189' title='bbox 270 2623 396 2676; x_wconf 85' lang='lat' dir='ltr'><strong>rationem</strong></span> <span class='ocrx_word' id='word_1_190' title='bbox 407 2623 511 2688; x_wconf 87' lang='lat' dir='ltr'><strong>sequuti</strong></span> <span class='ocrx_word' id='word_1_191' title='bbox 525 2620 644 2673; x_wconf 75' lang='lat' dir='ltr'><strong>videnlur</strong></span> <span class='ocrx_word' id='word_1_192' title='bbox 664 2621 706 2686; x_wconf 88' lang='lat' dir='ltr'><strong>qui</strong></span> <span class='ocrx_word' id='word_1_193' title='bbox 722 2620 802 2674; x_wconf 86' lang='lat' dir='ltr'><strong>Thoe.</strong></span> <span class='ocrx_word' id='word_1_194' title='bbox 820 2621 866 2675; x_wconf 90' lang='lat' dir='ltr'><strong>Ill.</strong></span> <span class='ocrx_word' id='word_1_195' title='bbox 883 2621 923 2677; x_wconf 85' lang='grc'><strong>96.</strong></span> <span class='ocrx_word' id='word_1_196' title='bbox 941 2626 1051 2690; x_wconf 76' lang='grc' dir='ltr'><em>Τείχιον</em></span> <span class='ocrx_word' id='word_1_197' title='bbox 1069 2628 1157 2695; x_wconf 80' lang='lat' dir='ltr'><strong>scrip.</strong></span> 
     </span>
     <span class='ocr_line' id='line_1_23' title="bbox 51 2703 1158 2773; baseline -0.005 -10"><span class='ocrx_word' id='word_1_198' title='bbox 51 2716 158 2771; x_wconf 73' lang='lat' dir='ltr'><strong>serunt,</strong></span> <span class='ocrx_word' id='word_1_199' title='bbox 175 2707 223 2761; x_wconf 87' lang='lat' dir='ltr'><strong>sed</strong></span> <span class='ocrx_word' id='word_1_200' title='bbox 242 2705 312 2773; x_wconf 87' lang='lat' dir='ltr'><strong>quod</strong></span> <span class='ocrx_word' id='word_1_201' title='bbox 333 2719 355 2756; x_wconf 91' lang='lat' dir='ltr'><strong>c.</strong></span> <span class='ocrx_word' id='word_1_202' title='bbox 376 2704 417 2759; x_wconf 85' lang='lat'><strong>90.</strong></span> <span class='ocrx_word' id='word_1_203' title='bbox 436 2705 461 2755; x_wconf 87' lang='lat' dir='ltr'><strong>in</strong></span> <span class='ocrx_word' id='word_1_204' title='bbox 479 2705 608 2755; x_wconf 88' lang='lat' dir='ltr'><strong>nonnullis</strong></span> <span class='ocrx_word' id='word_1_205' title='bbox 627 2703 697 2755; x_wconf 84' lang='lat' dir='ltr'><strong>libris</strong></span> <span class='ocrx_word' id='word_1_206' title='bbox 718 2704 809 2753; x_wconf 74' lang='lat' dir='ltr'><strong>,ululat</strong></span> <span class='ocrx_word' id='word_1_207' title='bbox 825 2705 919 2767; x_wconf 75' lang='lat' dir='ltr'><strong>legitur</strong></span> <span class='ocrx_word' id='word_1_208' title='bbox 946 2712 972 2758; x_wconf 89' lang='lat' dir='ltr'><strong>et</strong></span> <span class='ocrx_word' id='word_1_209' title='bbox 992 2722 1015 2759; x_wconf 92' lang='lat' dir='ltr'><strong>c.</strong></span> <span class='ocrx_word' id='word_1_210' title='bbox 1036 2711 1092 2763; x_wconf 78' lang='lat'>105.</span> <span class='ocrx_word' id='word_1_211' title='bbox 1118 2718 1158 2765; x_wconf 79' lang='lat' dir='ltr'><strong>ter</strong></span> 
     </span>
     <span class='ocr_line' id='line_1_24' title="bbox 51 2786 1157 2858; baseline -0.005 -11"><span class='ocrx_word' id='word_1_212' title='bbox 51 2797 180 2858; x_wconf 85' lang='lat' dir='ltr'><strong>deinceps</strong></span> <span class='ocrx_word' id='word_1_213' title='bbox 203 2790 306 2844; x_wconf 51' lang='lat' dir='ltr'><strong>&#39;Oinoa</strong></span> <span class='ocrx_word' id='word_1_214' title='bbox 331 2800 430 2839; x_wconf 85' lang='lat' dir='ltr'><strong>numeri</strong></span> <span class='ocrx_word' id='word_1_215' title='bbox 458 2787 564 2853; x_wconf 85' lang='lat' dir='ltr'><strong>pluralis</strong></span> <span class='ocrx_word' id='word_1_216' title='bbox 590 2800 669 2838; x_wconf 83' lang='lat' dir='ltr'><strong>cansa</strong></span> <span class='ocrx_word' id='word_1_217' title='bbox 697 2786 791 2837; x_wconf 83' lang='lat' dir='ltr'><strong>lactum</strong></span> <span class='ocrx_word' id='word_1_218' title='bbox 816 2786 918 2839; x_wconf 86' lang='lat' dir='ltr'><strong>videtur</strong></span> <span class='ocrx_word' id='word_1_219' title='bbox 936 2793 962 2837; x_wconf 88' lang='lat' dir='ltr'><strong>nt</strong></span> <span class='ocrx_word' id='word_1_220' title='bbox 989 2789 1115 2841; x_wconf 73' lang='grc' dir='ltr'><em>Κολωναί</em></span> <span class='ocrx_word' id='word_1_221' title='bbox 1130 2796 1157 2846; x_wconf 88' lang='lat' dir='ltr'><strong>in</strong></span> 
     </span>
     <span class='ocr_line' id='line_1_25' title="bbox 51 2867 1157 2940; baseline -0.002 -10"><span class='ocrx_word' id='word_1_222' title='bbox 51 2876 128 2930; x_wconf 84' lang='lat' dir='ltr'><strong>codd.</strong></span> <span class='ocrx_word' id='word_1_223' title='bbox 153 2871 304 2940; x_wconf 84' lang='lat' dir='ltr'><strong>Palaephati</strong></span> <span class='ocrx_word' id='word_1_224' title='bbox 330 2883 352 2921; x_wconf 84' lang='lat' dir='ltr'><strong>c.</strong></span> <span class='ocrx_word' id='word_1_225' title='bbox 377 2867 433 2920; x_wconf 84' lang='lat' dir='ltr'><strong>llll.</strong></span> <span class='ocrx_word' id='word_1_226' title='bbox 454 2875 480 2922; x_wconf 89' lang='lat' dir='ltr'><strong>et</strong></span> <span class='ocrx_word' id='word_1_227' title='bbox 498 2869 559 2921; x_wconf 85' lang='lat' dir='ltr'><strong>olibi</strong></span> <span class='ocrx_word' id='word_1_228' title='bbox 584 2884 608 2922; x_wconf 82' lang='lat' dir='ltr'><strong>u.</strong></span> <span class='ocrx_word' id='word_1_229' title='bbox 628 2868 768 2933; x_wconf 78' lang='lat' dir='ltr'><strong>Goettling.</strong></span> <span class='ocrx_word' id='word_1_230' title='bbox 793 2868 825 2922; x_wconf 91' lang='lat' dir='ltr'><strong>de</strong></span> <span class='ocrx_word' id='word_1_231' title='bbox 844 2871 906 2920; x_wconf 73' lang='lat' dir='ltr'><strong>Aac.</strong></span> <span class='ocrx_word' id='word_1_232' title='bbox 931 2869 985 2923; x_wconf 84' lang='grc'><strong>156.</strong></span> <span class='ocrx_word' id='word_1_233' title='bbox 1015 2870 1105 2938; x_wconf 87' lang='lat' dir='ltr'><strong>Poppo</strong></span> <span class='ocrx_word' id='word_1_234' title='bbox 1124 2876 1157 2928; x_wconf 82' lang='lat' dir='ltr'><strong>nd</strong></span> 
     </span>
     <span class='ocr_line' id='line_1_26' title="bbox 51 2950 1155 3023; baseline -0.005 -11"><span class='ocrx_word' id='word_1_235' title='bbox 51 2960 131 3013; x_wconf 80' lang='lat' dir='ltr'><strong>Thule.</strong></span> <span class='ocrx_word' id='word_1_236' title='bbox 151 2957 178 3009; x_wconf 84' lang='lat' dir='ltr'><strong>P.</strong></span> <span class='ocrx_word' id='word_1_237' title='bbox 199 2957 219 3008; x_wconf 91' lang='lat' dir='ltr'><strong>l.</strong></span> <span class='ocrx_word' id='word_1_238' title='bbox 238 2954 293 3007; x_wconf 74' lang='lat' dir='ltr'><strong>Vol.</strong></span> <span class='ocrx_word' id='word_1_239' title='bbox 319 2952 352 3006; x_wconf 81' lang='grc' dir='ltr'><strong>Π.</strong></span> <span class='ocrx_word' id='word_1_240' title='bbox 368 2952 425 3007; x_wconf 69' lang='grc'><strong>440.</strong></span> <span class='ocrx_word' id='word_1_241' title='bbox 440 2957 467 3003; x_wconf 91' lang='lat' dir='ltr'><strong>ut</strong></span> <span class='ocrx_word' id='word_1_242' title='bbox 483 2953 604 3003; x_wconf 72' lang='grc' dir='ltr'><em>Κλεωναί</em></span> <span class='ocrx_word' id='word_1_243' title='bbox 616 2951 699 3005; x_wconf 78' lang='lat' dir='ltr'><strong>Ciani.</strong></span> <span class='ocrx_word' id='word_1_244' title='bbox 716 2950 814 3003; x_wconf 77' lang='lat' dir='ltr'><strong>Anecd.</strong></span> <span class='ocrx_word' id='word_1_245' title='bbox 834 2951 854 3003; x_wconf 87' lang='grc' dir='ltr'><strong>Ι.</strong></span> <span class='ocrx_word' id='word_1_246' title='bbox 867 2951 908 3006; x_wconf 72' lang='grc'><strong>48.</strong></span> <span class='ocrx_word' id='word_1_247' title='bbox 929 2953 1053 3015; x_wconf 66' lang='grc' dir='ltr'><em>Εὐθηναί</em></span> <span class='ocrx_word' id='word_1_248' title='bbox 1064 2956 1155 3023; x_wconf 79' lang='lat' dir='ltr'><strong>Sleph.</strong></span> 
     </span>
     <span class='ocr_line' id='line_1_27' title="bbox 53 3034 917 3109; baseline -0.012 -14"><span class='ocrx_word' id='word_1_249' title='bbox 53 3058 69 3096; x_wconf 86' lang='lat' dir='ltr'><strong>a</strong></span> <span class='ocrx_word' id='word_1_250' title='bbox 89 3056 144 3109; x_wconf 88' lang='lat' dir='ltr'><strong>quo</strong></span> <span class='ocrx_word' id='word_1_251' title='bbox 163 3037 303 3091; x_wconf 79' lang='lat' dir='ltr'><strong>discedunt</strong></span> <span class='ocrx_word' id='word_1_252' title='bbox 316 3035 428 3097; x_wconf 69' lang='grc' dir='ltr'><em>Ἀθῆναι</em></span> <span class='ocrx_word' id='word_1_253' title='bbox 448 3041 474 3089; x_wconf 89' lang='lat' dir='ltr'><strong>et</strong></span> <span class='ocrx_word' id='word_1_254' title='bbox 493 3035 635 3096; x_wconf 75' lang='grc' dir='ltr'><strong>Μυκῆναι,</strong></span> <span class='ocrx_word' id='word_1_255' title='bbox 655 3034 761 3088; x_wconf 86' lang='lat' dir='ltr'><strong>dearum</strong></span> <span class='ocrx_word' id='word_1_256' title='bbox 783 3047 917 3100; x_wconf 77' lang='lat' dir='ltr'><strong>eponpmn.</strong></span> 
     </span>
    </p>
   </div>
   <div class='ocr_carea' id='block_1_5' title="bbox 50 3130 1156 3531">
    <p class='ocr_par' dir='ltr' id='par_1_5' title="bbox 50 3130 1156 3531">
     <span class='ocr_line' id='line_1_28' title="bbox 119 3130 1156 3205; baseline 0 -18"><span class='ocrx_word' id='word_1_257' title='bbox 119 3141 165 3205; x_wconf 83' lang='grc'><strong>18)</strong></span> <span class='ocrx_word' id='word_1_258' title='bbox 189 3138 337 3204; x_wconf 78' lang='lat' dir='ltr'><strong>Stephanus</strong></span> <span class='ocrx_word' id='word_1_259' title='bbox 359 3131 462 3200; x_wconf 78' lang='grc' dir='ltr'><em>Ἀγνών</em></span> <span class='ocrx_word' id='word_1_260' title='bbox 482 3132 558 3189; x_wconf 82' lang='grc' dir='ltr'><strong><em>πόλις</em></strong></span> <span class='ocrx_word' id='word_1_261' title='bbox 575 3136 747 3183; x_wconf 76' lang='grc' dir='ltr'><em>Πικενιίνων·</em></span> <span class='ocrx_word' id='word_1_262' title='bbox 774 3134 838 3186; x_wconf 70' lang='grc' dir='ltr'><strong>ἴσως</strong></span> <span class='ocrx_word' id='word_1_263' title='bbox 862 3132 890 3183; x_wconf 72' lang='grc' dir='ltr'><strong>δὲ</strong></span> <span class='ocrx_word' id='word_1_264' title='bbox 915 3130 1063 3200; x_wconf 69' lang='grc' dir='ltr'><em>βαρύνεται</em></span> <span class='ocrx_word' id='word_1_265' title='bbox 1086 3134 1156 3187; x_wconf 73' lang='grc' dir='ltr'><strong>κατὰ</strong></span> 
     </span>
     <span class='ocr_line' id='line_1_29' title="bbox 52 3213 1154 3289; baseline -0.006 -15"><span class='ocrx_word' id='word_1_266' title='bbox 52 3223 110 3279; x_wconf 64' lang='grc' dir='ltr'><strong>νας</strong></span> <span class='ocrx_word' id='word_1_267' title='bbox 132 3222 291 3289; x_wconf 68' lang='grc' dir='ltr'><em>ἐγχωρίους,</em></span> <span class='ocrx_word' id='word_1_268' title='bbox 313 3232 381 3285; x_wconf 86' lang='lat' dir='ltr'><strong>quae</strong></span> <span class='ocrx_word' id='word_1_269' title='bbox 401 3220 458 3272; x_wconf 90' lang='lat' dir='ltr'><strong>sine</strong></span> <span class='ocrx_word' id='word_1_270' title='bbox 477 3217 557 3269; x_wconf 81' lang='lat' dir='ltr'><strong>dudio</strong></span> <span class='ocrx_word' id='word_1_271' title='bbox 576 3214 766 3282; x_wconf 86' lang='lat' dir='ltr'><strong>transponenda</strong></span> <span class='ocrx_word' id='word_1_272' title='bbox 784 3217 842 3266; x_wconf 88' lang='lat' dir='ltr'><strong>sunt</strong></span> <span class='ocrx_word' id='word_1_273' title='bbox 862 3213 965 3281; x_wconf 73' lang='lat' dir='ltr'><strong>’Ayxalv</strong></span> <span class='ocrx_word' id='word_1_274' title='bbox 982 3214 1016 3273; x_wconf 75' lang='grc' dir='ltr'><strong>ὡς</strong></span> <span class='ocrx_word' id='word_1_275' title='bbox 1031 3215 1154 3288; x_wconf 69' lang='grc' dir='ltr'><em>Ἀαρών,</em></span> 
     </span>
     <span class='ocr_line' id='line_1_30' title="bbox 52 3297 1155 3368; baseline -0.005 -12"><span class='ocrx_word' id='word_1_276' title='bbox 52 3312 116 3361; x_wconf 63' lang='lat' dir='ltr'><strong>toan·</strong></span> <span class='ocrx_word' id='word_1_277' title='bbox 137 3304 166 3354; x_wconf 73' lang='lat' dir='ltr'><strong>oi</strong></span> <span class='ocrx_word' id='word_1_278' title='bbox 185 3300 418 3368; x_wconf 62' lang='lat' dir='ltr'><strong>pauperamur&amp;</strong></span> <span class='ocrx_word' id='word_1_279' title='bbox 438 3329 469 3341; x_wconf 87' lang='grc'><strong>-</strong></span> <span class='ocrx_word' id='word_1_280' title='bbox 487 3299 595 3351; x_wconf 74' lang='lat' dir='ltr'><strong>,lenitur</strong></span> <span class='ocrx_word' id='word_1_281' title='bbox 612 3299 675 3351; x_wconf 91' lang='lat' dir='ltr'><strong>illud</strong></span> <span class='ocrx_word' id='word_1_282' title='bbox 694 3297 813 3363; x_wconf 78' lang='lat' dir='ltr'><strong>exemplo</strong></span> <span class='ocrx_word' id='word_1_283' title='bbox 834 3299 1034 3363; x_wconf 81' lang='lat' dir='ltr'><strong>periectirorurn</strong></span> <span class='ocrx_word' id='word_1_284' title='bbox 1053 3300 1155 3357; x_wconf 74' lang='grc' dir='ltr'><em>Αύλών,</em></span> 
     </span>
     <span class='ocr_line' id='line_1_31' title="bbox 50 3379 1154 3454; baseline -0.005 -14"><span class='ocrx_word' id='word_1_285' title='bbox 50 3385 213 3454; x_wconf 66' lang='grc' dir='ltr'><strong>Μαραθών,</strong></span> <span class='ocrx_word' id='word_1_286' title='bbox 235 3382 350 3440; x_wconf 63' lang='lat' dir='ltr'><strong>uirida,</strong></span> <span class='ocrx_word' id='word_1_287' title='bbox 371 3379 479 3432; x_wconf 73' lang='grc' dir='ltr'><em>Σικυών</em></span> <span class='ocrx_word' id='word_1_288' title='bbox 497 3388 547 3437; x_wconf 85' lang='lat' dir='ltr'><strong>eto.</strong></span> <span class='ocrx_word' id='word_1_289' title='bbox 569 3389 688 3448; x_wconf 83' lang='lat' dir='ltr'><strong>gravatur</strong></span> <span class='ocrx_word' id='word_1_290' title='bbox 707 3395 768 3433; x_wconf 87' lang='lat' dir='ltr'><strong>vero</strong></span> <span class='ocrx_word' id='word_1_291' title='bbox 787 3382 836 3431; x_wconf 87' lang='lat' dir='ltr'><strong>ritu</strong></span> <span class='ocrx_word' id='word_1_292' title='bbox 858 3382 960 3445; x_wconf 79' lang='lat' dir='ltr'><strong>italioo3</strong></span> <span class='ocrx_word' id='word_1_293' title='bbox 989 3382 1099 3449; x_wconf 86' lang='lat' dir='ltr'><strong>quodsi</strong></span> <span class='ocrx_word' id='word_1_294' title='bbox 1119 3382 1154 3448; x_wconf 86' lang='lat' dir='ltr'><strong>tit,</strong></span> 
     </span>
     <span class='ocr_line' id='line_1_32' title="bbox 51 3461 1152 3531; baseline -0.006 -10"><span class='ocrx_word' id='word_1_295' title='bbox 51 3471 145 3522; x_wconf 78' lang='lat' dir='ltr'><strong>annoni</strong></span> <span class='ocrx_word' id='word_1_296' title='bbox 168 3481 219 3519; x_wconf 90' lang='lat' dir='ltr'><strong>non</strong></span> <span class='ocrx_word' id='word_1_297' title='bbox 237 3471 377 3531; x_wconf 78' lang='lat' dir='ltr'><strong>repugnat3</strong></span> <span class='ocrx_word' id='word_1_298' title='bbox 397 3480 454 3517; x_wconf 84' lang='lat' dir='ltr'><strong>nam</strong></span> <span class='ocrx_word' id='word_1_299' title='bbox 475 3461 787 3517; x_wconf 74' lang='lat' dir='ltr'><strong>barbaricadxardmorn</strong></span> <span class='ocrx_word' id='word_1_300' title='bbox 803 3468 902 3515; x_wconf 84' lang='lat' dir='ltr'><strong>suntet</strong></span> <span class='ocrx_word' id='word_1_301' title='bbox 920 3461 1152 3530; x_wconf 72' lang='grc' dir='ltr'><strong>ἀχαρακιήρισια.</strong></span> 
     </span>
    </p>
   </div>
   <div class='ocr_carea' id='block_1_6' title="bbox 49 3559 1154 4128">
    <p class='ocr_par' dir='ltr' id='par_1_6' title="bbox 49 3559 1154 4128">
     <span class='ocr_line' id='line_1_33' title="bbox 118 3559 1153 3631; baseline -0.017 -9"><span class='ocrx_word' id='word_1_302' title='bbox 118 3567 164 3631; x_wconf 85' lang='grc'><strong>19)</strong></span> <span class='ocrx_word' id='word_1_303' title='bbox 189 3565 233 3617; x_wconf 85' lang='lat' dir='ltr'><strong>Sic</strong></span> <span class='ocrx_word' id='word_1_304' title='bbox 254 3564 412 3617; x_wconf 83' lang='lat' dir='ltr'><strong>Villoisonus</strong></span> <span class='ocrx_word' id='word_1_305' title='bbox 432 3564 560 3619; x_wconf 71' lang='lat' dir='ltr'><strong>edidiuut</strong></span> <span class='ocrx_word' id='word_1_306' title='bbox 578 3568 604 3616; x_wconf 86' lang='lat' dir='ltr'><strong>et</strong></span> <span class='ocrx_word' id='word_1_307' title='bbox 621 3564 646 3614; x_wconf 89' lang='lat' dir='ltr'><strong>in</strong></span> <span class='ocrx_word' id='word_1_308' title='bbox 664 3560 719 3612; x_wconf 80' lang='lat' dir='ltr'><strong>Eu.</strong></span> <span class='ocrx_word' id='word_1_309' title='bbox 739 3561 796 3624; x_wconf 79' lang='grc'><strong>157,</strong></span> <span class='ocrx_word' id='word_1_310' title='bbox 817 3563 841 3615; x_wconf 87' lang='grc'><strong>2.</strong></span> <span class='ocrx_word' id='word_1_311' title='bbox 862 3561 984 3625; x_wconf 83' lang='lat' dir='ltr'><strong>scripturn</strong></span> <span class='ocrx_word' id='word_1_312' title='bbox 1004 3563 1060 3621; x_wconf 87' lang='lat' dir='ltr'><strong>est,</strong></span> <span class='ocrx_word' id='word_1_313' title='bbox 1079 3559 1153 3612; x_wconf 82' lang='lat' dir='ltr'><strong>Bel.</strong></span> 
     </span>
     <span class='ocr_line' id='line_1_34' title="bbox 53 3642 1153 3714; baseline -0.005 -12"><span class='ocrx_word' id='word_1_314' title='bbox 53 3652 130 3703; x_wconf 83' lang='lat' dir='ltr'><strong>leros</strong></span> <span class='ocrx_word' id='word_1_315' title='bbox 156 3662 219 3701; x_wconf 79' lang='lat' dir='ltr'><strong>vero</strong></span> <span class='ocrx_word' id='word_1_316' title='bbox 238 3646 407 3711; x_wconf 72' lang='grc' dir='ltr'><em>ὁνομαιικῶς</em></span> <span class='ocrx_word' id='word_1_317' title='bbox 432 3646 554 3714; x_wconf 83' lang='lat' dir='ltr'><strong>idemque</strong></span> <span class='ocrx_word' id='word_1_318' title='bbox 575 3645 702 3698; x_wconf 89' lang='lat' dir='ltr'><strong>l‘rellerus</strong></span> <span class='ocrx_word' id='word_1_319' title='bbox 722 3642 754 3695; x_wconf 88' lang='lat' dir='ltr'><strong>ad</strong></span> <span class='ocrx_word' id='word_1_320' title='bbox 778 3643 866 3698; x_wconf 87' lang='lat' dir='ltr'><strong>Polern</strong></span> <span class='ocrx_word' id='word_1_321' title='bbox 890 3642 931 3695; x_wconf 85' lang='lat' dir='ltr'><strong>Fr.</strong></span> <span class='ocrx_word' id='word_1_322' title='bbox 951 3657 976 3710; x_wconf 92' lang='lat' dir='ltr'><strong>p.</strong></span> <span class='ocrx_word' id='word_1_323' title='bbox 998 3643 1037 3698; x_wconf 88' lang='grc'><strong>16.</strong></span> <span class='ocrx_word' id='word_1_324' title='bbox 1062 3647 1153 3708; x_wconf 91' lang='lat' dir='ltr'><strong>reponi</strong></span> 
     </span>
     <span class='ocr_line' id='line_1_35' title="bbox 51 3725 1152 3789; baseline -0.007 -8"><span class='ocrx_word' id='word_1_325' title='bbox 51 3735 105 3785; x_wconf 76' lang='lat' dir='ltr'><strong>rull</strong></span> <span class='ocrx_word' id='word_1_326' title='bbox 131 3733 155 3782; x_wconf 89' lang='lat' dir='ltr'><strong>iu</strong></span> <span class='ocrx_word' id='word_1_327' title='bbox 178 3729 268 3781; x_wconf 78' lang='lat' dir='ltr'><strong>St&#39;hol.</strong></span> <span class='ocrx_word' id='word_1_328' title='bbox 293 3729 339 3781; x_wconf 79' lang='lat' dir='ltr'><strong>tid.</strong></span> <span class='ocrx_word' id='word_1_329' title='bbox 367 3729 408 3781; x_wconf 78' lang='lat' dir='ltr'><strong>iv.</strong></span> <span class='ocrx_word' id='word_1_330' title='bbox 434 3730 492 3784; x_wconf 66' lang='grc'><strong>248.</strong></span> <span class='ocrx_word' id='word_1_331' title='bbox 522 3728 553 3778; x_wconf 84' lang='grc' dir='ltr'><strong>οὐ</strong></span> <span class='ocrx_word' id='word_1_332' title='bbox 578 3727 708 3781; x_wconf 70' lang='grc' dir='ltr'><strong>κυκλικῶς</strong></span> <span class='ocrx_word' id='word_1_333' title='bbox 735 3726 761 3776; x_wconf 79' lang='lat' dir='ltr'><strong>ro</strong></span> <span class='ocrx_word' id='word_1_334' title='bbox 786 3726 879 3788; x_wconf 69' lang='grc' dir='ltr'><strong>δέντης</strong></span> <span class='ocrx_word' id='word_1_335' title='bbox 911 3726 1097 3789; x_wconf 72' lang='grc' dir='ltr'><strong>ὀνομαστικῶς</strong></span> <span class='ocrx_word' id='word_1_336' title='bbox 1127 3725 1152 3776; x_wconf 87' lang='lat' dir='ltr'><strong>d&#39;</strong></span> 
     </span>
     <span class='ocr_line' id='line_1_36' title="bbox 50 3807 1154 3878; baseline -0.014 -12"><span class='ocrx_word' id='word_1_337' title='bbox 50 3812 161 3869; x_wconf 74' lang='grc' dir='ltr'><em>ἁκοὲα,</em></span> <span class='ocrx_word' id='word_1_338' title='bbox 184 3811 235 3863; x_wconf 85' lang='lat' dir='ltr'><strong>hoe</strong></span> <span class='ocrx_word' id='word_1_339' title='bbox 262 3818 302 3866; x_wconf 92' lang='lat' dir='ltr'><strong>est</strong></span> <span class='ocrx_word' id='word_1_340' title='bbox 320 3818 347 3863; x_wconf 89' lang='lat' dir='ltr'><strong>ut</strong></span> <span class='ocrx_word' id='word_1_341' title='bbox 365 3825 457 3865; x_wconf 87' lang='lat' dir='ltr'><strong>nomen</strong></span> <span class='ocrx_word' id='word_1_342' title='bbox 478 3814 622 3878; x_wconf 88' lang='lat' dir='ltr'><strong>proprium,</strong></span> <span class='ocrx_word' id='word_1_343' title='bbox 642 3808 711 3874; x_wconf 87' lang='lat' dir='ltr'><strong>quod</strong></span> <span class='ocrx_word' id='word_1_344' title='bbox 729 3810 870 3874; x_wconf 83' lang='lat' dir='ltr'><strong>praecipue</strong></span> <span class='ocrx_word' id='word_1_345' title='bbox 891 3807 984 3858; x_wconf 82' lang='lat' dir='ltr'><strong>dicitur</strong></span> <span class='ocrx_word' id='word_1_346' title='bbox 1002 3807 1090 3872; x_wconf 81' lang='grc' dir='ltr'><em>ὄνομα</em></span> <span class='ocrx_word' id='word_1_347' title='bbox 1108 3826 1154 3861; x_wconf 71' lang='grc' dir='ltr'><strong>αα.</strong></span> 
     </span>
     <span class='ocr_line' id='line_1_37' title="bbox 49 3889 1152 3959; baseline -0.009 -10"><span class='ocrx_word' id='word_1_348' title='bbox 49 3914 114 3949; x_wconf 75' lang='lat' dir='ltr'><strong>tm.</strong></span> <span class='ocrx_word' id='word_1_349' title='bbox 156 3894 303 3959; x_wconf 75' lang='lat' dir='ltr'><strong>Hesychius</strong></span> <span class='ocrx_word' id='word_1_350' title='bbox 326 3893 447 3959; x_wconf 69' lang='grc' dir='ltr'><em>Καβηλος</em></span> <span class='ocrx_word' id='word_1_351' title='bbox 467 3893 720 3957; x_wconf 71' lang='grc' dir='ltr'><strong>ἀῑιεσκολυμμίνος,</strong></span> <span class='ocrx_word' id='word_1_352' title='bbox 746 3892 771 3939; x_wconf 82' lang='lat' dir='ltr'><strong>ol</strong></span> <span class='ocrx_word' id='word_1_353' title='bbox 789 3890 818 3939; x_wconf 73' lang='grc' dir='ltr'><strong>δὲ</strong></span> <span class='ocrx_word' id='word_1_354' title='bbox 840 3891 937 3956; x_wconf 73' lang='grc' dir='ltr'><em>ὄνομα</em></span> <span class='ocrx_word' id='word_1_355' title='bbox 964 3889 1086 3956; x_wconf 77' lang='lat' dir='ltr'><strong>idemque</strong></span> <span class='ocrx_word' id='word_1_356' title='bbox 1107 3906 1152 3957; x_wconf 83' lang='lat' dir='ltr'><strong>pro</strong></span> 
     </span>
     <span class='ocr_line' id='line_1_38' title="bbox 51 3969 1151 4045; baseline -0.001 -24"><span class='ocrx_word' id='word_1_357' title='bbox 51 3995 82 4035; x_wconf 64' lang='grc' dir='ltr'><strong>ρο</strong></span> <span class='ocrx_word' id='word_1_358' title='bbox 111 3977 182 4045; x_wconf 80' lang='lat' dir='ltr'><strong>quod</strong></span> <span class='ocrx_word' id='word_1_359' title='bbox 207 3976 295 4029; x_wconf 67' lang='lat' dir='ltr'><strong>schol,</strong></span> <span class='ocrx_word' id='word_1_360' title='bbox 324 3980 401 4031; x_wconf 73' lang='lat' dir='ltr'><strong>Arist,</strong></span> <span class='ocrx_word' id='word_1_361' title='bbox 429 3978 488 4029; x_wconf 81' lang='lat' dir='ltr'><strong>Pac.</strong></span> <span class='ocrx_word' id='word_1_362' title='bbox 517 3977 589 4032; x_wconf 84' lang='grc'><strong>1078,</strong></span> <span class='ocrx_word' id='word_1_363' title='bbox 617 3973 769 4028; x_wconf 75' lang='grc' dir='ltr'><em>ἀκαλανθὶς</em></span> <span class='ocrx_word' id='word_1_364' title='bbox 793 3971 881 4037; x_wconf 83' lang='grc' dir='ltr'><em>ὄνομα</em></span> <span class='ocrx_word' id='word_1_365' title='bbox 906 3971 986 4027; x_wconf 81' lang='grc' dir='ltr'><em>κυνὸς</em></span> <span class='ocrx_word' id='word_1_366' title='bbox 1009 3969 1151 4038; x_wconf 67' lang='grc' dir='ltr'><strong><em>ἐπισήμου,</em></strong></span> 
     </span>
     <span class='ocr_line' id='line_1_39' title="bbox 51 4053 1150 4128; baseline -0.006 -14"><span class='ocrx_word' id='word_1_367' title='bbox 51 4064 155 4128; x_wconf 78' lang='lat' dir='ltr'><strong>scripsit</strong></span> <span class='ocrx_word' id='word_1_368' title='bbox 177 4060 338 4116; x_wconf 72' lang='grc' dir='ltr'><em>Ἀκαλανθίς</em></span> <span class='ocrx_word' id='word_1_369' title='bbox 364 4066 461 4128; x_wconf 74' lang='grc' dir='ltr'><em>ταχεῖα</em></span> <span class='ocrx_word' id='word_1_370' title='bbox 486 4056 558 4107; x_wconf 79' lang='grc' dir='ltr'><em>κύων</em></span> <span class='ocrx_word' id='word_1_371' title='bbox 581 4054 757 4122; x_wconf 70' lang='grc' dir='ltr'><strong>ὀνοματικῶς.</strong></span> <span class='ocrx_word' id='word_1_372' title='bbox 792 4053 836 4106; x_wconf 82' lang='lat' dir='ltr'><strong>Sic</strong></span> <span class='ocrx_word' id='word_1_373' title='bbox 858 4053 1008 4107; x_wconf 79' lang='lat' dir='ltr'><strong>Euslalh&#39;ius</strong></span> <span class='ocrx_word' id='word_1_374' title='bbox 1032 4054 1150 4108; x_wconf 75' lang='lat' dir='ltr'><strong>Pronum.</strong></span> 
     </span>
    </p>
   </div>
   <div class='ocr_carea' id='block_1_7' title="bbox 52 4132 1150 4210">
    <p class='ocr_par' dir='ltr' id='par_1_7' title="bbox 52 4132 1150 4210">
     <span class='ocr_line' id='line_1_40' title="bbox 52 4132 1150 4210; baseline -0.01 -14"><span class='ocrx_word' id='word_1_375' title='bbox 52 4143 124 4196; x_wconf 77' lang='lat' dir='ltr'><strong>Plud.</strong></span> <span class='ocrx_word' id='word_1_376' title='bbox 144 4158 169 4209; x_wconf 85' lang='lat' dir='ltr'><strong>p.</strong></span> <span class='ocrx_word' id='word_1_377' title='bbox 191 4144 230 4197; x_wconf 81' lang='lat'><strong>15.</strong></span> <span class='ocrx_word' id='word_1_378' title='bbox 255 4140 407 4210; x_wconf 67' lang='grc' dir='ltr'><em>Παγώνδας</em></span> <span class='ocrx_word' id='word_1_379' title='bbox 427 4139 584 4208; x_wconf 72' lang='grc' dir='ltr'><em>ὀνοματικῷ</em></span> <span class='ocrx_word' id='word_1_380' title='bbox 605 4137 677 4206; x_wconf 76' lang='grc' dir='ltr'><strong>τύπῳ</strong></span> <span class='ocrx_word' id='word_1_381' title='bbox 697 4141 812 4205; x_wconf 73' lang='grc' dir='ltr'><strong><em>βοιωτίῳ</em></strong></span> <span class='ocrx_word' id='word_1_382' title='bbox 830 4137 899 4190; x_wconf 77' lang='grc' dir='ltr'><strong>κατὰ</strong></span> <span class='ocrx_word' id='word_1_383' title='bbox 924 4136 952 4188; x_wconf 78' lang='grc' dir='ltr'><strong>τὸ</strong></span> <span class='ocrx_word' id='word_1_384' title='bbox 970 4132 1150 4203; x_wconf 74' lang='grc' dir='ltr'><em>Ἐααμανών·</em></span> 
     </span>
    </p>
   </div>
   <div class='ocr_carea' id='block_1_8' title="bbox 87 4221 946 4301">
    <p class='ocr_par' dir='ltr' id='par_1_8' title="bbox 87 4221 946 4301">
     <span class='ocr_line' id='line_1_41' title="bbox 87 4221 946 4301; baseline -0.007 -12"><span class='ocrx_word' id='word_1_385' title='bbox 87 4243 196 4293; x_wconf 75' lang='lat' dir='ltr'><strong>Lodeck.</strong></span> <span class='ocrx_word' id='word_1_386' title='bbox 215 4243 352 4301; x_wconf 74' lang='lat' dir='ltr'><strong>l&#39;atloolog.</strong></span> <span class='ocrx_word' id='word_1_387' title='bbox 927 4221 946 4283; x_wconf 83' lang='lat'>5</span> 
     </span>
    </p>
   </div>
   <div class='ocr_carea' id='block_1_9' title="bbox 0 0 1328 4756">
    <p class='ocr_par' dir='ltr' id='par_1_9' title="bbox 0 0 1328 4756">
     <span class='ocr_line' id='line_1_42' title="bbox 0 0 1328 4756; baseline 0 1"><span class='ocrx_word' id='word_1_388' title='bbox 0 0 1328 4756; x_wconf 95' lang='lat' dir='ltr'><strong> </strong></span> 
     </span>
    </p>
   </div>
  </div>
 </body>
</html>
