2648 4756
118 355 172 419 ur
185 354 280 422 uon.
299 335 465 434 ouonuu
479 357 591 424 cuna
603 358 681 424 nsr
696 360 914 427 currunau.
938 364 970 428 u.
988 365 1035 430 ru.
1054 374 1083 442 ς.
1101 369 1127 433 l.
1160 366 1224 436 sn

115 519 335 584 hereditarium
355 528 406 585 est
427 529 505 586 sicut
524 522 683 604 adjectivis
704 521 843 607 θηλοκός
862 533 893 591 et
910 526 1074 608 πίοοοκός,
1095 533 1151 595 scd
1166 550 1223 613 pro

113 618 178 682 lroc
207 620 301 683 etiarn
322 615 468 693 πίπαός
496 623 650 703 reperitur
676 622 823 705 llippucr.
859 623 898 688 de
926 626 1016 691 Curd.
1039 629 1071 693 T.
1099 630 1219 696 1488.

114 716 223 780 Schol.
247 718 340 782 Thuc.
360 717 408 780 lll.
429 718 477 783 tl.
500 725 532 781 et
554 719 634 801 apud
655 720 784 784 Lutiuos
803 722 953 802 pisticus.
992 724 1081 800 Quod
1099 728 1132 789 in
1152 728 1218 793 llll.

115 814 188 897 160,
210 814 259 879 lt.
288 815 434 894 scriptum
463 815 593 895 legimus
618 811 781 899 ἆοιίρηίος
800 816 835 882 ἐκ
858 821 917 883 τοῦ
937 814 1088 903 dolendus
1107 818 1151 897 ὦς
1169 825 1220 889 dl-

111 932 198 992 φρος
225 907 347 993 daippus·
372 906 395 992 ἢ
422 907 578 994 Mamaos
596 911 759 997 μούνιχος,
787 919 897 982 ticinen
920 922 1078 999 proprium
1097 922 1218 988 videtur

111 1025 176 1071 non
198 1010 404 1089 compositum
427 1016 460 1072 ut
480 1010 651 1092 Munychus
679 1014 736 1078 sed
756 1016 888 1097 simplex
911 1022 944 1079 ut
964 1013 1108 1101 Μοίριχος
1127 1022 1217 1086 Anth
1281 1072 1287 1081 .

110 1105 195 1169 Plan
219 1104 286 1170 190.
308 1123 366 1186 pro
389 1107 542 1188 Μοίριχος
562 1113 668 1191 petius
689 1112 723 1193 (a
743 1110 852 1194 μόρος)
874 1131 964 1194 quam
984 1131 1041 1197 pro
1056 1110 1217 1197 Μόρυχος.
1242 1110 1245 1117 ’

112 1204 256 1285 toppum
282 1222 341 1285 pro
368 1202 512 1289 σαμβύκη
540 1208 612 1272 llcs.
640 1210 766 1274 liltruric
786 1211 995 1294 imputandum
1017 1218 1051 1276 nt
1074 1209 1217 1294 Θόροκος

112 1302 206 1367 Thuc.
228 1302 304 1366 lilll.
326 1302 376 1368 95.
398 1320 456 1385 pro
481 1300 623 1387 Θορικός.
656 1308 723 1373 lam
742 1316 777 1372 ut
797 1309 836 1373 ud
857 1325 1028 1373 consonam
1051 1318 1215 1396 transeam,

109 1414 191 1482 quae
218 1400 357 1465 vocalem
383 1404 516 1484 excipit,
545 1405 675 1484 primum
702 1407 945 1471 animadvertero
966 1407 1041 1471 lihet
1061 1409 1144 1473 illam
1164 1412 1215 1474 rel

108 1500 356 1580 interpositionis
377 1499 428 1562 uel
448 1502 631 1564 exemtiouis
652 1503 788 1582 speciem
810 1498 1080 1586 1οόίίοςόίίγος,
1108 1502 1215 1591 ὠρύο-

109 1619 164 1679 pas
184 1590 301 1679 οίρογὴ,
322 1593 405 1678 iptio
425 1593 536 1677 ἐρύκω,
558 1598 672 1680 quihus
693 1603 828 1665 conferri
848 1609 983 1684 possunt
1003 1604 1109 1677 σίολος
1121 1619 1214 1686 σιγα-

109 1691 198 1771 ίόεις,
219 1690 306 1775 optio
328 1691 452 1777 (τέμνω)
472 1693 595 1778 τμήγω,
624 1694 682 1761 lade
703 1694 771 1779 lyci.
820 1700 1022 1781 Frequentius
1052 1708 1153 1766 autern
1179 1704 1212 1766 ut

109 1801 141 1857 ut
152 1810 316 1857 consonae
329 1794 409 1857 iuter
421 1812 457 1858 se
471 1804 607 1876 pugnent
621 1804 714 1877 atque
734 1796 939 1876 cunteudaut;
961 1791 1134 1882 ἄπάρογος
1152 1793 1212 1862 cic-

109 1884 240 1974 cdpancc
259 1897 291 1955 et
309 1884 488 1973 ἄποίραχος,
518 1892 574 1956 sed
593 1897 760 1975 praecipue
781 1896 883 1959 tenuis
904 1900 936 1958 et
957 1898 1103 1978 aspirata.
1145 1896 1212 1963 Ga·

109 1989 197 2054 lenus
226 1989 264 2052 de
290 1989 406 2053 Facult.
433 1991 521 2054 lilim.
549 1991 571 2056 l.
597 1990 647 2055 27.
677 2010 706 2073 p.
727 1992 797 2057 541.
821 2000 852 2057 et
872 1993 942 2058 551.
974 1992 1067 2059 docet
1093 1991 1212 2077 ἄριοιος

109 2087 188 2171 apud
214 2089 453 2168 Aristophanem
478 2088 653 2167 siguidcarc
680 2089 811 2153 lructum
837 2089 1005 2171 cerealem,
1032 2108 1114 2155 nuuc
1133 2110 1209 2159 uero

109 2180 225 2267 ἔροχον
249 2186 394 2249 siluestre
421 2184 563 2265 quiddam
595 2187 755 2251 nominari
806 2181 997 2270 Σανδαράκη
1023 2204 1088 2253 non
1109 2190 1210 2255 sulum

109 2283 283 2349 llerodotus
304 2285 432 2365 scripsit
452 2283 509 2348 sed
530 2283 764 2363 Theophrastus
784 2300 918 2366 qnoque,
939 2281 1117 2369 οανοαράχη
1133 2304 1210 2352 raro

109 2381 253 2463 hiciphro
276 2381 296 2446 l.
317 2382 367 2445 33.
393 2377 559 2463 Πύοοαχος
586 2383 654 2445 siue
680 2382 773 2445 dubio
801 2382 881 2445 idem
903 2383 1054 2462 significat
1076 2390 1107 2447 et
1126 2378 1209 2447 mdo-

109 2495 217 2556 οακος,
253 2478 336 2558 quod
362 2479 536 2558 Hesychius
563 2475 719 2552 siccatos
745 2482 973 2559 interpretatur.
1022 2482 1210 2547 ornamenta

109 2576 254 2658 puacdam
275 2577 435 2639 muliebria
454 2572 588 2659 μαίάχια
615 2588 763 2641 vocantur
790 2586 821 2641 ct
841 2594 1058 2659 nonuunquam
1078 2575 1211 2661 μαλάκια

109 2695 131 2740 r.
155 2674 302 2738 Fritzsch.
326 2676 365 2738 ad
387 2675 570 2756 Thesmoph.
593 2694 621 2756 p.
642 2675 712 2739 611.
740 2676 892 2756 Adiectiri
913 2677 971 2739 hac
993 2679 1136 2741 antithesi
1158 2680 1209 2742 al-

109 2774 177 2836 lecti
207 2772 377 2851 exemplum
405 2789 527 2852 quaqua
554 2773 612 2834 llde
640 2774 726 2836 ollert
754 2773 851 2838 Orion
872 2791 901 2853 p.
922 2776 952 2854 5,
973 2776 1002 2836 7.
1029 2769 1154 2854 ἀτρεκές
1177 2776 1209 2838 ol

109 2875 236 2952 Δωριεῖς
254 2864 376 2951 ἀτρεχές
395 2867 534 2951 λέγουσι,
563 2870 646 2949 quod
668 2886 736 2933 cum
756 2866 865 2948 τρέπο,
886 2864 1010 2952 capion
1031 2872 1209 2950 aliquantu-

109 2971 164 3032 lum
187 2969 391 3031 similitudinis
414 2969 514 3032 hahet.
557 2969 679 3032 Cortum
707 2986 781 3031 vero
809 2974 858 3031 est
884 2967 1036 3029 Eustathii
1063 2967 1208 3027 testimu-

109 3070 186 3133 nium
208 3066 277 3148 llll,
301 3066 350 3129 23.
371 3063 470 3148 ἐρείκη
489 3067 754 3146 παραφθείροπες
774 3064 805 3126 οἱ
824 3063 946 3144 χυόαῑοι
965 3057 1108 3144 λέγουσιν
1127 3058 1206 3144 ἐρεί-

109 3188 169 3248 ῑην.
211 3163 299 3238 Quae
320 3166 447 3227 mutatio
469 3165 652 3243 saepissime
673 3163 757 3227 subit
777 3161 979 3225 antecedente
999 3164 1072 3226 iota.
1107 3160 1207 3226 Grae-

109 3280 172 3327 cum
205 3261 334 3341 μαστίχη
365 3263 492 3324 llomani
525 3261 616 3326 modo
651 3261 759 3325 iisdem
787 3260 885 3323 literis
923 3261 1078 3339 scribunt,
1111 3261 1204 3324 modo

109 3362 243 3427 detracta
265 3360 455 3438 aspiratione
476 3363 609 3421 mantice
630 3366 661 3422 ct
682 3361 855 3423 masticare
871 3375 928 3438 pro
943 3357 1101 3442 μοοτιχᾷν.
1136 3357 1205 3420 Νο-

109 3476 175 3523 uren
196 3458 294 3539 pelvis
316 3475 334 3519 a
355 3473 468 3536 graeco
481 3453 573 3536 πὲίίη
585 3455 753 3519 derivatum
767 3455 874 3519 Graeci
890 3455 1052 3535 dupliciter
1066 3454 1205 3518 scribunt

109 3558 209 3638 οείίκη
230 3564 261 3620 et
281 3557 383 3637 πείίχρ
404 3555 480 3618 Poll.
501 3555 536 3618 X.
559 3556 607 3618 77.
630 3554 721 3617 Plura
742 3553 888 3634 proponit
907 3553 972 3615 Eli.
986 3551 1057 3633 582,
1069 3551 1119 3617 38.
1141 3544 1205 3614 ἀπὸ

109 3657 162 3720 τοῦ
183 3651 272 3737 μέλος
292 3649 412 3735 μελικός
432 3649 483 3716 καί
503 3653 603 3732 τροπῇ
624 3648 678 3713 καί
698 3645 898 3735 ἀναβιβασμῷ
916 3650 1046 3731 μείλιχος
1057 3643 1100 3722 ὡς
1112 3642 1204 3729 diop-

109 3749 195 3827 rmos
212 3747 396 3834 Ὀλύμπιχος
414 3749 468 3815 καὶ
487 3746 636 3831 πατρικάς
662 3745 819 3830 Πάτριχος.
853 3749 977 3826 Legitur
996 3765 1073 3810 sane
1088 3747 1206 3826 aliquo·

109 3857 165 3918 ties
195 3851 275 3931 apud
303 3852 416 3914 latinus
444 3853 614 3929 scriptores
645 3849 800 3926 proprium
829 3846 949 3908 llilicus
979 3861 1035 3923 pro
1064 3843 1205 3908 Milichus

109 3950 163 4017 sed
191 3966 246 4031 per
274 3951 421 4012 incuriam
451 3967 478 4012 v.
500 3947 625 4026 lntcrpr.
647 3944 685 4006 ud
707 3946 760 4008 Sil.
782 3944 847 4007 ltal.
868 3944 916 4006 lll.
940 3942 1007 4006 104.
1029 3941 1119 4020 idque
1140 3958 1203 4006 uon

109 4057 139 4112 nt
167 4047 219 4109 ille
247 4049 388 4127 opinatur
415 4045 471 4109 sed
497 4063 516 4107 a
541 4045 682 4125 μειίίοοω
705 4042 872 4105 derivatum
894 4057 966 4103 esse
988 4041 1203 4120 potentissima

109 4147 145 4211 nd
158 4145 403 4228 persuadendum
418 4144 496 4206 ratio
511 4144 589 4206 haec
609 4150 658 4205 cst
672 4139 799 4220 quadiu
814 4139 965 4203 uberrimo
980 4137 1200 4217 adjectivorum
