2648 4756
13 45 30 107 Γ.
50 44 121 108 304.
171 43 237 105 Jam
266 42 432 121 explanata
459 45 541 105 omni
569 43 660 123 irup‘us
689 47 813 123 generis
842 50 991 113 varietate

12 158 81 205 raro
108 141 185 203 libet
213 156 363 220 quaenam
385 142 413 203 ei
437 142 554 203 formae
576 158 645 204 eum
666 144 880 221 superioribus
903 162 991 210 oom-

14 240 87 304 sint.
129 239 263 302 Primum
290 240 383 318 igitur
410 244 541 318 apparet
569 238 737 320 voeabula,
766 240 877 319 quibus
901 260 990 307 ores·

14 339 83 401 ioos
109 337 344 418 adumbrantur,
373 344 496 416 praeter
517 331 659 418 σταφυλή
680 342 710 399 et
731 339 859 420 σταφίς,
890 342 990 404 omnia

12 450 50 515 ga
75 450 165 517 osso,
194 436 391 498 animantium
418 452 493 498 vero
522 434 624 515 pullos
645 451 864 516 nonnunquam
890 454 908 500 a
930 454 990 518 pa·

11 550 22 597 s
42 531 241 615 denominari,
263 528 385 613 ἄρκιλοι
403 528 442 595 τὰ
461 533 526 595 τῶν
541 529 646 614 Quone
664 529 787 612 νεογνά,
810 537 899 612 eujus
922 536 990 599 tor-

11 630 71 712 [utu
100 631 199 695 simile
228 630 322 695 habet
351 630 562 713 deminutivis,
601 636 736 694 uotorum
764 631 907 694 solitaria
940 640 989 697 ost

11 736 56 793 rto
87 730 179 809 eopia
213 746 320 793 eorum
354 746 433 810 quae
469 737 573 808 typum
603 730 846 808 patronymicum
874 729 988 795 habent

11 851 31 903 :,
56 822 214 905 λυκιδεύς,
242 824 445 908 supinatione
465 835 522 890 eto.
544 843 624 906 qnae
651 827 878 908 Aristophanes
900 830 986 895 nost.

10 926 37 991 6.
59 943 127 989 oum
149 921 275 1006 ἅρκιλος
296 926 428 1006 aliisquo
449 925 597 1004 idiotppis
619 932 797 1005 congregat.
840 926 984 991 Secundo

10 1025 142 1088 minibus
162 1025 353 1088 annitattum
373 1024 640 1104 apraopositione
659 1026 842 1103 oompositis
856 1021 985 1089 tunae

10 1175 14 1187 .
36 1124 209 1202 comparari
225 1128 331 1202 potest
343 1117 510 1204 ἐπιπωῃήν
523 1116 626 1204 ἡλικία
639 1117 727 1202 αἰγός
743 1122 875 1202 Hespoh.
905 1125 984 1189 Tor·
1031 1178 1033 1183 ,

10 1241 16 1281 r
38 1218 236 1283 memoranda
258 1226 329 1283 sunt
352 1222 527 1300 parathesis
543 1219 692 1299 exempla.
728 1218 889 1293 Quomodo
903 1222 982 1285 enim

10 1317 250 1382 usertmtnantm
277 1319 424 1396 appositu
453 1318 675 1398 adjectivorum
702 1311 802 1398 ἅρσην
823 1323 853 1379 et
872 1317 982 1396 θῆλυς,

9 1422 75 1497 utos,
96 1431 175 1495 qnae
197 1416 324 1494 proprio
347 1416 470 1478 nomine
491 1416 662 1479 instructae
681 1432 744 1480 non
760 1421 842 1497 sunt,
864 1417 983 1480 extrin-

9 1513 188 1577 iettniuntur.
222 1513 320 1575 Varro
348 1513 386 1576 de
414 1514 447 1576 tt.
475 1514 508 1576 tt.
536 1513 572 1577 11.
599 1514 627 1577 5.
655 1516 689 1576 io
718 1513 836 1578 bubulo
865 1531 982 1595 peoora

17 1612 140 1690 produn
162 1611 310 1673 &cuntur
331 1614 481 1692 quatuor,
500 1614 607 1690 primo
627 1612 811 1691 vitulorum,
838 1613 982 1677 secondo

10 1726 96 1788 rost,
134 1712 233 1773 tertio
267 1707 362 1771 boum
395 1708 609 1787 novellorum,
643 1711 764 1789 qoorto
791 1711 980 1774 vetulorum.

8 1824 37 1872 to
65 1805 150 1888 quod
178 1823 273 1885 supra
295 1812 324 1879 s.
346 1805 375 1869 3.
405 1822 468 1868 non
488 1806 556 1869 sine
577 1806 784 1869 haesitatione
805 1808 981 1887 posui-ap-

8 1910 41 1971 ris
70 1903 242 1983 exemplum
268 1901 319 1979 αἲξ
338 1900 451 1985 τράγος
471 1920 583 1968 nomen
604 1898 728 1984 γενικόν
749 1902 854 1967 addito
877 1902 980 1990 εἰᾶικῴ

26 2003 104 2065 certi
125 2018 220 2065 serus
242 2001 451 2080 appellatione
473 2002 648 2066 aeouratius
661 2000 894 2064 determinatum
909 2018 980 2067 osse

8 2106 71 2180 tus,
92 2101 198 2179 specie
220 2115 276 2177 par
298 2105 347 2161 est
369 2100 422 2162 ilia
444 2102 556 2163 aetatis
579 2099 797 2179 significandae
818 2100 897 2163 ratio
921 2117 982 2180 qua

7 2197 102 2259 tranes
132 2214 207 2259 usus
235 2197 356 2259 videtur
382 2199 457 2261 Avv.
481 2198 569 2262 1555.
590 2191 727 2279 κάμηλος
754 2191 868 2278 ἆμνός,
898 2197 980 2279 quod

11 2311 82 2358 oero
95 2294 167 2358 lieet
182 2293 420 2378 Komeetlomm,
440 2296 521 2358 siout
535 2294 662 2358 uicinus
677 2294 863 2360 Hirscikoti
880 2297 981 2360 simil-
