2648 4756
185 369 240 435 nn
260 367 358 465 nou
379 366 480 433 runt.
503 365 657 434 nucum
676 346 773 444 ruia
794 366 937 434 runnu
962 375 993 444 ς.
1013 369 1042 434 ν.
1103 369 1176 439 aaa

69 533 202 599 xxiii.
223 533 294 599 267.
316 531 412 614 (ott.)
432 525 557 614 Εὖρίας
574 532 683 613 Polyb.
703 527 837 610 Μελίας,
863 531 988 613 Τελέας,
1009 534 1071 598 nisi
1096 534 1175 601 bauo

68 631 244 714 adjioionda
265 638 337 695 sunt
358 630 535 696 verbalibus
556 627 682 710 Κινέας,
704 627 826 711 Φιλέας,
840 624 969 713 ὀροὲας
981 631 1067 698 l'ind
1081 636 1175 697 Μνα-

67 727 153 810 σέας,
177 731 304 796 Staseas
325 728 388 793 Cio.
409 729 607 811 Appellativa
634 730 725 811 bujus
754 731 872 794 turmae
900 729 1008 794 dubito
1028 747 1070 795 an
1089 733 1175 799 nulla

69 832 146 894 sint.
188 829 247 893 Pro
266 821 409 910 Ἐριφέας
428 830 557 910 χίμαρος
576 828 649 893 llas.
678 827 806 893 Guietus
833 834 920 892 reeta
946 824 1066 910 ἐρίφιος
1091 834 1175 897 sori-

68 929 153 1008 psit;
176 943 232 1008 pro
250 920 354 1000 Ἐλέας
374 922 486 1009 ὄρνεον
511 928 544 989 in
563 927 660 991 Arist.
687 928 764 992 Avv.
793 926 864 992 303.
891 921 976 1001 ἐλεᾶς
1001 928 1113 1008 legitur
1140 937 1175 997 ut

68 1021 181 1098 ὲλαοᾶς
212 1026 316 1088 ultima
344 1025 569 1106 eiroumduota,
595 1041 657 1105 quo
685 1025 756 1089 huie
776 1042 904 1089 numero
926 1027 1090 1107 eximitur3
1110 1034 1176 1093 ter-

71 1125 143 1188 tiam
172 1123 312 1204 ejusdem
339 1124 479 1205 glossam
502 1117 609 1205 Ἐρίας
629 1118 721 1187 τέκνα
745 1123 913 1202 Θεσσαλοί,
935 1126 985 1189 oui
1005 1125 1106 1190 simile
1126 1134 1177 1193 eat

70 1222 198 1286 latinum
220 1221 353 1301 baares,
382 1238 403 1286 a
428 1221 618 1285 nominativo
639 1216 727 1302 ἐρεύς
747 1221 931 1286 declinatum
952 1239 1025 1303 asse
1045 1230 1178 1308 apparet

72 1336 111 1385 an
133 1319 236 1385 dativo
255 1312 393 1402 Ἐρέεςφι
412 1314 540 1394 τέκνοις.
583 1316 709 1402 Νομίας
730 1320 898 1400 Gregorius
918 1321 994 1387 Naz.
1015 1321 1065 1387 bis
1080 1339 1177 1389 usur-

74 1419 161 1499 pavit
180 1434 236 1500 pro
257 1414 372 1499 νομεύς
392 1437 421 1483 v.
439 1418 565 1483 Jacobs.
586 1417 626 1483 ad
645 1418 738 1483 Antb
757 1418 834 1483 vill
854 1434 884 1484 n.
907 1420 956 1487 tv.
971 1435 1052 1501 quae
1065 1423 1177 1488 erebra

15 1576 20 1587 ,
75 1522 127 1580 est
147 1517 342 1599 propriorum
369 1514 553 1581 vicissitudo
580 1511 726 1597 Δρομέας
744 1512 904 1599 Δρομεύς,
923 1510 1077 1601 ’Λριονίας
1092 1512 1177 1603 Ἀρι-

72 1609 164 1688 σιούς
182 1632 210 1679 v.
232 1615 352 1679 coreas
374 1612 414 1678 ad
436 1615 513 1679 Plut.
535 1614 569 1678 T.
590 1615 624 1679 V.
646 1614 719 1680 435.
746 1615 803 1679 sed
829 1617 943 1695 injuria
964 1617 1117 1681 translata
1136 1616 1177 1683 ud

72 1712 293 1794 appellativum
312 1707 436 1794 νομέας,
457 1726 516 1775 neo
535 1716 571 1774 ut
589 1709 733 1794 Δρομέας
754 1714 802 1778 sio
819 1716 910 1779 etiam
923 1709 1055 1796 δρομέας
1067 1714 1179 1780 dieitur

73 1811 131 1877 sed
157 1811 288 1893 βρομίας
312 1815 346 1876 ui
375 1811 522 1894 τροφίας,
549 1810 671 1892 τομίας,
697 1811 828 1894 τροχίας.
867 1806 1073 1896 Ἐπιτραγέαι,
1093 1813 1179 1897 quod

74 1909 165 1976 oodd.
188 1910 329 1974 nonnulli
349 1908 511 1974 Aristoteli
533 1908 700 1974 obtrudunt
720 1926 778 1992 pro
799 1906 984 1994 ἐπιαραγίαι,
1012 1928 1103 1977 namo
1123 1928 1179 1977 re·

74 2009 180 2090 cipere
200 2008 346 2090 diguatus
368 2014 426 2074 eat.
468 2002 595 2089 Βορέας,
617 2012 706 2090 eujus
725 2014 852 2087 etymon
871 2008 957 2092 latet,
971 2013 1108 2093 propriis
1119 2009 1179 2077 ad-

74 2107 229 2169 numerari
250 2107 405 2171 convenit
446 2099 645 2186 Λαννοοχέας
664 2106 804 2169 vooalam
826 2125 846 2170 a
865 2107 999 2187 simplioi
1017 2101 1110 2189 ὀαχία
1128 2108 1180 2173 vel

74 2197 184 2286 ὀοχεός
200 2209 404 2286 propagatam
425 2204 525 2269 babet.
567 2203 686 2282 Καοᾶς,
707 2203 829 2285 dequo
851 2204 914 2269 diui
943 2207 976 2268 in
995 2204 1106 2270 Parall.
1125 2205 1178 2271 80.

75 2308 108 2367 at
129 2296 228 2384 ἀργᾶς
255 2319 274 2367 a
301 2298 430 2382 ναοίας,
458 2297 570 2384 ἀργίας
597 2302 646 2382 (ut
673 2303 831 2383 proprium
855 2296 966 2384 Ἀργᾶς
992 2320 1021 2368 v.
1047 2304 1179 2371 noman

75 2400 163 2465 Com.
191 2401 241 2465 lll.
267 2400 353 2483 388.)
382 2406 544 2465 oontraota
569 2398 727 2481 videntur,
756 2398 813 2464 sed
840 2400 962 2481 integra
988 2408 1091 2466 tamon
1117 2418 1182 2469 nou

75 2505 200 2579 extant3
222 2516 339 2579 ooprea
359 2515 471 2581 greeae
491 2498 620 2578 eumelus
641 2495 760 2562 dicitur.
803 2496 964 2574 Quomodo
978 2508 1080 2566 autem
1094 2503 1182 2583 opsi-

75 2598 131 2661 lon
151 2599 184 2661 in
203 2584 232 2662 ἆ
251 2604 399 2677 transeat,
417 2598 498 2662 iuter
519 2596 698 2660 adnationes
720 2594 847 2660 dioetur.
888 2598 994 2681 ltaque
1015 2616 1108 2664 unum
1128 2616 1184 2664 ro-

75 2701 143 2761 stat
163 2696 230 2759 iota
250 2697 364 2759 eeteris
384 2696 477 2759 latius
498 2693 639 2757 dillusum
661 2694 855 2773 omniumque
875 2697 1097 2761 vocabulorum
1124 2713 1183 2779 ga-

76 2810 157 2857 nera
188 2810 366 2875 permeans,
395 2810 524 2873 quorum
554 2791 593 2855 de
621 2798 708 2872 ortu,
730 2791 970 2874 significatione,
1000 2802 1132 2860 aoeentu
1151 2803 1184 2860 et

77 2892 297 2957 adustionibus
316 2891 507 2955 membratim
530 2889 633 2953 dieere
654 2889 725 2952 milri
747 2889 908 2969 proposui.

166 3011 195 3080 ς.
217 3005 246 3069 2.
287 3005 450 3069 Nominum
471 3005 562 3085 igitur
582 3004 614 3066 in
636 2989 686 3077 ιἀς
705 3003 879 3067 exeuntium
901 3002 1005 3083 aliqua
1025 3005 1184 3086 antigno-

78 3112 145 3169 tam
168 3104 317 3183 originem
338 3102 451 3166 babent
473 3109 525 3165 aut
546 3117 609 3165 non
631 3100 670 3164 ad
691 3100 837 3182 liquidum
858 3101 1051 3183 exploratam
1079 3110 1112 3168 ut
1132 3118 1186 3169 σα-

78 3202 172 3285 βρίας
192 3200 296 3282 poouli
317 3199 452 3284 genus,³
479 3200 629 3280 βασυνίας
655 3198 815 3282 placenta,
842 3194 994 3281 ἀβραμίας
1019 3198 1111 3286 βόλος
1131 3225 1186 3268 κν

79 3295 223 3384 βεναικός
249 3299 322 3364 Hes.
350 3300 541 3380 pisciumque
566 3292 817 3377 nominavimus,
844 3300 992 3380 θρανλας,
1020 3303 1187 3384 ααλλαρίας

80 3400 152 3465 sive
173 3397 348 3480 γαίλαρίας,
369 3399 483 3477 κολίας,
504 3397 637 3478 λεβίας.4
678 3396 741 3461 Sed
762 3395 801 3460 da
822 3397 978 3479 plerisque
999 3398 1059 3463 diui
1081 3406 1189 3481 potest

152 3677 182 3745 3)
206 3677 301 3733 Athen.
326 3677 370 3732 vl.
393 3677 452 3734 262.
478 3675 508 3730 Β.
535 3674 566 3727 ἐν
587 3672 627 3743 vag‘i
651 3677 751 3744 σαβρίςι
773 3676 921 3745 βομβυλίφ.
955 3675 1008 3732 Sed
1032 3677 1091 3731 aod.
1110 3674 1187 3732 Laui.

82 3760 196 3831 praebat
213 3763 320 3828 σονρία,
338 3759 409 3828 quod
428 3758 590 3813 iabrloatoris
606 3756 649 3812 vel
673 3760 835 3824 possessoris
853 3758 963 3816 Sauriaa
987 3773 1083 3814 noman
1107 3758 1190 3818 luisse

83 3846 201 3901 videtur.
237 3844 343 3897 Saurias
362 3843 465 3896 Samius
483 3842 610 3907 Athenag.
631 3838 721 3906 Legat.
740 3839 804 3893 xlv.
825 3840 890 3896 alius
910 3842 1044 3898 Demostb.
1067 3842 1142 3899 1³60.

155 3928 185 3996 l)
205 3927 279 3983 ldaur
299 3928 401 3990 ἥπατος
417 3931 532 3991 vocatur,
551 3925 631 3977 latine
648 3922 738 3990 hepar.
774 3923 830 3976 lloo
854 3930 880 3978 et
891 3924 967 3992 ieeur
986 3928 1107 3980 convenit
1126 3939 1192 3995 gar-

85 4012 192 4066 manico
217 4011 314 4072 deber,
340 4008 410 4076 quod
435 4022 517 4076 prope
543 4006 648 4062 aceedit
672 4005 705 4059 ad
729 4020 852 4072 graecum
876 4006 956 4076 λοβός
980 4006 1010 4060 τί
1033 4008 1192 4080 ἄκραντον

87 4096 191 4159 ἥπατος
206 4094 268 4149 Sub.
288 4091 385 4149 nescu.
405 4091 454 4157 bg.
472 4093 531 4148 tes.
567 4089 633 4144 ilino
651 4086 761 4144 iortasse
778 4091 860 4157 piscia
876 4104 980 4145 noman.
1003 4092 1192 4161 Θρανίαςῦο.

88 4170 152 4236 ηὀο
169 4179 202 4234 ad
219 4178 329 4236 Xanoor.
350 4194 376 4248 p.
397 4174 439 4231 62.
458 4173 492 4229 ad
509 4177 627 4246 θρανίον
642 4172 754 4241 paxillus
771 4171 866 4239 veiam
890 4174 961 4242 quod
984 4188 1075 4243 pamm
1091 4176 1192 4245 proba-
