2648 4756
186 313 259 383 ⁶298
544 309 872 377 ulssnurnrlo
900 312 950 379 Vl

181 466 248 563 b-
257 471 445 556 Ἀθάῤῥαβις
453 469 683 557 ’Λθαόβυβίυης
693 510 736 521 --
741 468 905 551 Ἑκαταῖος
915 472 952 540 δὲ
965 470 1004 541 δι’
1013 472 1082 552 iube
1096 476 1116 559 ρ
1127 480 1179 542 καὶ
1191 500 1252 542 του
1266 502 1290 560 μ

182 573 409 655 Ἀθορομβίιης
421 574 528 654 Steph
540 569 683 656 κοκάμβρ
697 574 862 654 aliquoties
879 593 936 658 pro
950 572 1074 658 κακοὶβρ
1087 594 1115 639 u.
1130 576 1169 640 ad
1179 577 1289 656 Phryn.

182 674 255 741 426.
275 668 413 754 κάραβος
434 680 465 736 et
485 668 649 757 κεράμβυξ,
670 668 789 754 eutelio
811 680 842 736 ci
862 670 1004 757 υκλόμβη
1024 668 1046 756 ἡ
1068 667 1130 757 όπὴ
1149 676 1205 756 τῆς
1224 672 1290 738 θό-

184 795 258 853 ρυς,
286 766 413 852 europe
444 778 474 836 et
494 767 641 853 θυλάμβη
669 772 700 833 in
721 772 793 835 hex.
816 771 955 837 hibertii.
1000 770 1157 854 Σαλαβοὶρ
1178 768 1289 854 (sicii

182 867 326 954 μάγειρος
347 871 479 932 Vossius
508 878 683 949 opportune
712 872 869 951 componit
891 887 959 933 cuni
988 873 1114 934 nomine
1143 874 1288 952 cauponis

183 973 363 1050 Aeginetae,
384 985 474 1048 quem
496 974 526 1030 et
548 968 600 1029 alii
623 968 781 1031 celebrent
803 970 966 1031 allarisio
987 971 1137 1032 nominati
1160 970 1201 1033 ad
1216 971 1287 1033 ilar.

185 1072 255 1150 Tyr.
284 1070 331 1133 lV.
352 1069 380 1145 5,
403 1064 453 1130 56.
484 1072 514 1128 et
541 1066 720 1131 Athenaeus
749 1068 796 1131 lll
828 1066 896 1130 112.
919 1067 954 1131 E.
982 1067 1033 1130 ubi
1061 1067 1139 1132 Edu.
1169 1077 1287 1132 veteres

184 1165 354 1250 Σάραμβος
380 1161 432 1228 καὶ
462 1160 608 1243 Σάροβος
636 1182 654 1227 a
682 1164 774 1228 docto
797 1162 930 1244 quodam
952 1165 1086 1248 lectore,
1115 1174 1151 1229 ut
1173 1166 1287 1229 uidetur

182 1269 374 1347 adscriptum
395 1265 433 1329 ci.
455 1262 585 1327 Heinelu
606 1264 673 1328 l'ol.
689 1265 737 1328 lV.
752 1263 822 1329 525.
844 1256 1014 1345 Σήραμβος
1033 1265 1084 1327 hic
1106 1283 1126 1329 a
1147 1267 1288 1331 llicaeur·

182 1367 242 1433 eho
271 1372 400 1428 vocatur
427 1369 460 1425 ut
488 1369 519 1426 et
545 1361 635 1425 hctor
654 1360 840 1441 rheginensis
867 1360 1062 1426 aPausania
1085 1365 1134 1447 lll,
1159 1366 1206 1431 lo.
1233 1366 1286 1429 scil

183 1460 353 1546 Σήραμβος
372 1454 453 1535 eibos
472 1457 638 1541 κοιθοὶρου
658 1460 730 1524 llos.
751 1460 859 1521 nescio
880 1476 920 1522 en
940 1461 972 1523 in
990 1456 1152 1545 κήρομβος
1165 1473 1286 1528 ιυυυιιι-

182 1562 255 1629 dum
284 1562 342 1641 sit;
374 1577 444 1625 naui
463 1556 625 1638 κάνθαρος
657 1565 706 1622 est
737 1556 927 1621 scarabaeus
949 1565 980 1622 el
1001 1563 1136 1642 κρροφίς
1162 1563 1286 1644 meapte

181 1663 256 1729 Hes.
272 1653 439 1739 Ἑρέμβους
459 1660 633 1723 homericos
655 1655 706 1718 alii
719 1648 855 1734 Ἀραβας
873 1670 946 1720 esse
959 1658 1134 1742 uoluerunt,
1157 1662 1208 1725 alii
1229 1659 1284 1741 ἐρι-

180 1753 312 1841 βονυούς
337 1757 404 1819 siro
424 1751 571 1836 ἐρεμυοός
590 1772 618 1818 n.
639 1753 746 1817 Lehrs.
766 1754 861 1817 Arist.
882 1754 952 1819 246.
974 1762 1004 1819 el
1026 1756 1096 1822 255.
1119 1754 1285 1841 Κόρυμβος

180 1863 213 1923 et
232 1849 358 1937 κορυφή
379 1871 469 1934 quam
499 1854 559 1917 sibi
579 1852 681 1915 vicina
702 1853 764 1915 siut
786 1852 834 1915 vel
857 1868 896 1915 err
918 1868 956 1916 eo
979 1858 1184 1934 cognoscitur
1205 1858 1284 1938 quoni

179 1952 353 2032 Hesychius
377 1950 468 2014 tradit
490 1945 680 2030 Κορόμβους
706 1944 809 2011 πάντα
833 1943 873 2012 τὰ
891 1945 1028 2033 μετέωροι
1053 1950 1108 2017 καὶ
1135 1955 1180 2028 εἰς
1204 1953 1284 2031 ὕψος

178 2046 380 2117 baceloum
400 2044 541 2126 ἐκάλουν,
563 2043 641 2111 ὅθεν
660 2042 757 2127 κόρυς
776 2043 885 2129 κύρβις
905 2051 1067 2132 impacta,
1089 2058 1122 2115 ut
1139 2054 1283 2119 Herodo-

179 2160 231 2218 tus
256 2146 416 2230 κόρυμβον
446 2143 534 2227 ὄρεος
560 2148 651 2228 (linit,
682 2147 837 2211 Lueiauus
864 2143 1053 2231 ὁικόρυμβοο
1082 2150 1281 2232 Παρνασσόν,

177 2250 353 2330 Hesychius
373 2242 513 2329 κόρυφος
532 2239 688 2326 κόρυμβος
707 2249 892 2324 γυναικεῖον,
916 2248 1045 2312 Tzetzes
1067 2250 1146 2314 Chii.
1168 2251 1191 2314 l.
1213 2251 1279 2315 233.

177 2345 332 2429 κόσσυβος
351 2343 403 2409 καὶ
424 2342 580 2425 κόρυμβος
601 2359 658 2423 pro
678 2338 841 2424 κόρυμβος.
871 2345 988 2420 Quibus
1001 2347 1072 2411 addi
1086 2355 1194 2429 potest
1208 2368 1281 2430 pro-

178 2450 278 2529 prium
296 2439 427 2526 Ἀρόβος
444 2437 597 2524 Ἀρόμβυς
617 2459 644 2506 v.
667 2441 888 2505 Schneidewin.
909 2444 1088 2524 conjectari.
1110 2463 1141 2525 p.
1154 2448 1205 2513 25.
1226 2451 1280 2513 nisi

177 2546 269 2624 hujus
292 2542 428 2605 secunda
449 2541 569 2618 syllaba
591 2539 629 2602 ad
651 2542 778 2621 stirpem
800 2542 942 2622 pertinet.
976 2543 1120 2607 Labiales
1143 2562 1281 2610 commu·

178 2647 245 2705 luni
253 2636 406 2719 Κάνωβος
420 2645 450 2701 el
463 2632 628 2714 Κόνωυος,
641 2638 776 2719 nepopis
789 2644 819 2701 el
833 2638 971 2719 καρυβίς,
986 2639 1042 2702 sed
1056 2642 1142 2720 quoii
1157 2646 1280 2709 Schnei-

176 2736 271 2803 derus
298 2738 427 2800 albrmat
446 2736 653 2815 Ascalaphum
680 2736 719 2799 ab
740 2737 897 2799 Antonino
918 2738 983 2802 Lib.
1009 2738 1199 2804 Ascalabun
1221 2761 1280 2807 no-

177 2838 323 2902 minatum
345 2852 432 2912 esse,
456 2834 566 2898 ialsum
588 2841 654 2912 est3
683 2851 752 2897 nam
775 2835 914 2897 homines
937 2835 1049 2900 diversi
1071 2846 1159 2920 sunt,
1182 2841 1231 2904 hic
1251 2844 1278 2904 iu

177 2935 352 3000 stellionem
374 2940 524 3013 mutatus,
553 2933 604 2995 ille
625 2933 655 2993 in
678 2940 830 2996 noctuam.
873 2935 1000 2997 Romani
1020 2950 1096 2997 uero
1119 2937 1193 3001 beta
1214 2958 1278 3002 curn

177 3050 229 3110 my
250 3038 436 3095 commutant
466 3048 522 3110 pro
552 3024 694 3111 κακκάβη
715 3024 940 3094 substituentes
962 3049 1097 3096 cucanea
1118 3036 1200 3100 unde
1222 3055 1278 3100 no·

177 3130 281 3191 rititrm
305 3125 495 3207 κουκούμιου
515 3136 617 3190 natum
641 3136 698 3209 est,
720 3145 776 3209 pro
798 3123 930 3209 κικκάβα
951 3133 1083 3213 cicumo,
1104 3140 1138 3196 ut
1152 3136 1278 3198 Καστα-

175 3220 241 3288 liic
264 3225 415 3305 Cuniculo,
437 3232 467 3288 et
489 3224 570 3306 apud
592 3224 728 3289 Graecos
751 3228 839 3304 ipsos
861 3228 1032 3306 Hesychius
1054 3226 1209 3312 σκόλυβος
1228 3251 1277 3297 re-

177 3325 256 3404 perit
285 3341 341 3403 pro
369 3319 535 3403 σκόλυμος,
568 3324 679 3403 quibus
708 3322 805 3386 literis
834 3326 913 3388 iulcr
941 3344 976 3389 se
1002 3328 1158 3407 copulatis
1181 3335 1277 3395 eutitii

176 3418 368 3502 σκόλυμβρος
388 3440 415 3485 v.
436 3422 484 3484 liu
506 3422 599 3499 Caug.
622 3420 787 3502 eademque
816 3424 981 3488 similitudo
1009 3427 1088 3489 inter
1117 3427 1276 3492 herbarum

177 3521 342 3585 odorarum
363 3521 487 3583 nomina
513 3515 642 3600 θύμβρυ
665 3521 731 3582 sivo
758 3516 904 3604 θόμβρου
926 3530 956 3585 et
977 3520 1081 3605 θύμος
1101 3523 1211 3608 θύμον
1231 3531 1277 3591 iu-

176 3618 334 3684 tercedere
347 3616 493 3680 videtur.³
520 3618 660 3681 Nominis
676 3620 829 3698 peregrini
845 3622 1033 3686 variationes
1056 3621 1190 3707 Κυβήβη
1209 3629 1275 3689 Κυ-

176 3775 466 3788 --—--———·—

241 3883 270 3946 3)
291 3885 448 3949 Σίσομμρου
467 3893 572 3947 quoque
596 3882 638 3935 ivel
665 3879 827 3949 σισύμβριον
851 3883 883 3935 ab
909 3884 991 3940 odore
1017 3900 1111 3941 nornen
1140 3895 1273 3958 accepisse

175 3964 278 4018 vluelm
296 3967 323 4015 ut
341 3961 438 4029 θύμος,
459 3965 500 4016 cui
520 3969 630 4029 cognata
647 3971 706 4020 suut
725 3964 800 4022 θόος.
822 3965 936 4031 θυώδης.
972 3970 995 4022 Α
1018 3973 1092 4039 θέρω
1116 3985 1171 4024 non
1193 3975 1272 4028 solum

175 4043 280 4112 θερμός
299 4045 346 4098 sed
365 4047 442 4098 eiialll
462 4043 557 4111 hippoe
574 4052 600 4099 el
621 4048 740 4117 θιμβρός
756 4053 940 4118 propriumque
965 4055 1071 4122 Θίβρων
1093 4059 1121 4108 cl
1139 4060 1272 4123 Θίμβμοιν,

176 4126 196 4181 ,l
215 4126 286 4181 λεῖος
303 4123 414 4191 (ylaris,
436 4127 507 4192 glus)
526 4130 634 4194 primum
653 4130 744 4189 λιοοός
767 4138 854 4187 netum
875 4143 929 4199 est,
955 4141 1008 4190 tum
1033 4136 1122 4191 aildita
1153 4141 1272 4206 guttural‘r
