2648 4756
10 39 31 68 [θ
61 39 147 67 biatu
181 39 329 85 UWlmsslss
365 39 542 82 γίίῑνυνγΗυ
573 39 714 83 llflqktWo
742 39 858 84 M'flfflb
884 39 938 69 ’ὔῦῑῦ

10 126 17 176 ς
37 98 181 185 πρέσβεια
200 97 317 182 πρέσβη
344 96 398 163 καὶ
417 99 554 179 βασίλεια
574 101 692 182 βασίλη.
742 97 885 166 Λύναται
905 101 938 169 δὲ

10 199 115 284 γάμεια
141 196 176 263 ἐκ
202 202 260 263 τοῦ
283 193 407 280 'styriam
450 197 562 260 Verum
583 199 643 261 hue
668 198 770 264 edictu
792 210 938 282 quantum

10 319 40 366 ts
62 299 269 380 cognitionem
291 297 476 378 profluimus,
500 302 615 359 tautum
637 313 760 381 causae,
783 316 844 380 qua
865 302 940 364 uiti·

10 400 47 463 iti
67 398 209 461 ottieitur.
257 396 335 459 Nam
362 396 390 457 si
410 394 537 475 βασίλη,
564 401 596 458 ιιι
617 395 669 459 ille
689 397 873 481 arbitratur,
899 416 939 465 ex

10 502 132 561 eretum
154 502 213 576 est,
235 511 252 557 e
274 509 400 556 numeru
421 500 585 576 moturum,
606 511 668 575 quo
690 511 750 559 uos
769 496 939 582 retulimus,

10 593 170 677 segandum
187 594 254 657 erit.
295 590 358 655 Sed
371 591 432 654 hee
447 592 625 672 priusquam
640 591 777 676 sedatur,
799 595 941 676 exempla

10 696 137 761 tasum.
171 685 303 758 Primum
322 682 439 771 πρέσβη
460 689 487 752 si
509 690 622 753 alieubi
642 692 797 756 inventum
819 695 940 778 fuisset,

11 795 122 857 itasset
149 790 221 854 hine
247 784 364 871 πρέσβα
390 805 575 852 conuersum
603 789 705 855 dicere
728 799 817 872 trepe
837 793 940 857 iuuiea

15 885 142 973 αύμφα,
169 887 503 971 emesenorum.
526 888 594 953 130.
636 887 700 953 Sed
724 905 788 952 uun
813 891 940 956 invento

10 997 32 1054 it
51 983 168 1071 πρέσβα
189 992 241 1049 aut
264 1002 282 1048 a
304 979 467 1066 πρέσβειρα
487 991 629 1065 repetere
652 986 735 1050 iaetu
757 989 846 1052 trium
867 990 941 1055 tite·

10 1096 80 1151 tura
99 1087 165 1150 liii.
186 1084 256 1150 687.
279 1083 381 1147 Sahal.
396 1082 452 1149 Od.
466 1085 500 1147 V.
515 1082 584 1147 215.
606 1091 659 1146 aut
681 1081 862 1168 απρέσβεια
882 1105 941 1152 ex-

10 1186 142 1265 uthougu
164 1189 197 1246 ut
220 1182 460 1265 Choerobosuus
480 1182 579 1246 Crem.
596 1181 632 1244 tt.
647 1181 718 1244 253.
739 1189 770 1244 et
791 1185 895 1250 Schui.
909 1186 942 1251 ΙΙ.

20 1282 98 1349 xix.
119 1281 189 1346 491.
211 1274 254 1353 ὡς
273 1274 368 1361 παχὺς
386 1283 490 1360 ταχεῖα
511 1274 613 1352 οὕτως
632 1274 765 1360 πρέσβυς
783 1277 942 1364 πρέσβεια·

10 1384 99 1447 ivam
113 1373 364 1460 maximarumque
376 1372 502 1458 πρέσβα
524 1377 585 1439 Aut
599 1384 732 1456 quatuor
745 1380 819 1444 illue
835 1398 944 1446 eseeu·

10 1481 129 1545 adibus:
150 1474 302 1559 πρέσβεια,
323 1470 456 1557 πρέσβεσι
477 1470 648 1556 (uterina)
668 1470 794 1560 πρέσβη,
814 1474 941 1563 πρέσβα

10 1581 49 1643 tio
70 1576 258 1658 Stephanum
281 1590 369 1637 usum
384 1588 457 1636 esse
471 1573 625 1656 suspicor,
647 1591 745 1654 eaque
758 1577 830 1639 miii
847 1595 942 1643 eausa

10 1673 120 1759 ρέσβη,
143 1689 305 1757 quousque
327 1669 409 1734 desit
427 1671 516 1733 testis
539 1673 669 1751 certior,
691 1671 730 1734 ed
751 1674 942 1752 probandum
1047 1698 1053 1709 ·

10 1776 76 1839 irile
104 1772 221 1836 ducam.
268 1769 376 1849 Neque
411 1768 481 1849 pius
509 1766 683 1831 adminiculi
708 1769 740 1831 iu
768 1772 943 1837 nominibus

18 1889 148 1956 quorum
169 1869 207 1933 de
221 1885 281 1930 une
298 1865 381 1947 quud
397 1864 471 1928 dieit
485 1866 672 1949 Stephanus,
693 1866 776 1929 ualet
790 1866 828 1931 de
843 1871 944 1932 omui-

10 1973 104 2037 selum
124 1971 264 2034 leeorum
292 1962 349 2029 sed
378 1965 469 2027 etiam
491 1963 646 2028 homiuum
666 1966 826 2029 vocabulis
849 1968 944 2031 Hiar-

10 2063 224 2134 Ιλειστοδόκεια
239 2065 305 2128 EM.
319 2062 390 2143 397,
401 2061 450 2127 43.
472 2056 624 2144 Λαοδάμα]
637 2063 758 2129 Maxim.
771 2064 819 2130 93.
839 2067 944 2133 Sahal.

10 2171 31 2235 '›.
53 2161 245 2246 Λαοδάμεια,
261 2156 449 2244 Ἱπποκράτη
466 2183 578 2240 -εια,
600 2158 745 2245 Διομήδη
764 2184 861 2242 -εια,
889 2169 944 2228 Τι-

10 2287 85 2343 ·εια,
114 2257 310 2345 Ἀριστολόχη
331 2280 428 2322 -εια
448 2260 539 2323 Anti.
567 2262 646 2341 App.
667 2260 737 2325 305.
763 2253 946 2344 Ἀλεξάνδρα
