2648 4756
154 338 225 407 m
499 326 827 394 DISSERTHII)
862 326 927 393 vll

157 512 189 580 ς.
210 500 241 567 3.
262 496 412 580 proposui
432 500 577 573 tanquam
599 492 742 572 anmigua
760 499 793 555 et
813 490 1027 572 disputabilia.
1054 492 1266 557 Schmiierns

157 598 231 667 itini
252 616 271 659 a
289 589 414 658 νιόοσω
430 587 534 667 cadim
554 589 776 655 mmssendnm
795 597 891 672 putat,
906 589 965 654 seu
977 590 1161 671 hntmnui
1171 592 1269 657 rerba

159 691 328 779 (aaa,
349 686 540 769 mama
560 684 725 770 ιιόωω,
745 686 934 769 mecm)
960 688 1183 771 omnmo
1207 706 1269 757 υ-

159 792 293 861 ninihus
314 791 460 854 inhabilia
480 795 568 864 snnt3
593 803 697 867 neque
724 789 910 851 consuiant
935 788 1082 851 aocems.
1133 787 1268 855 Certiora

160 893 252 972 hutna
281 887 489 972 peremptosia
525 884 667 966 exempla
700 885 879 967 suppeditat
912 883 1006 947 litera
1032 886 1087 949 νῦ.
1142 886 1267 951 Pnnm

160 990 341 1056 Athenaeus
361 986 410 1050 xt.
430 983 500 1048 495.
522 982 554 1046 C.
566 983 708 1047 Boeotos
729 983 822 1046 tradit
842 981 971 1046 calicem
983 1000 1106 1047 vocare
1120 986 1268 1066 schinne,

163 1094 253 1170 cujus
274 1086 406 1150 nominis
428 1082 505 1145 alias
527 1081 769 1163 speciesmtap
789 1089 820 1144 et
832 1080 935 1160 ιιλλχη
950 1097 1050 1161 snpra
1063 1083 1169 1165 attigi,
1184 1083 1268 1147 auu

163 1186 337 1267 Hesychius
358 1180 493 1245 servavit
512 1174 666 1260 ιιλόχνην
684 1180 830 1260 τρυβλλον
849 1174 1025 1263 ἐκπέταλον,
1046 1180 1103 1243 uhi
1120 1176 1269 1263 πιόόχιηι
1310 1198 1312 1205 ·

164 1287 333 1365 corrigunt,
354 1280 426 1362 quia
447 1278 519 1341 aiibi
539 1272 692 1357 ιέόαχνον
712 1278 838 1340 affertur
859 1285 890 1340 et
910 1272 1079 1357 ιέιφον,
1101 1274 1268 1360 mm,

163 1379 326 1460 κλιαιινον,
347 1394 427 1459 quae
449 1376 550 1441 omnia
572 1383 643 1439 sunt
656 1391 803 1439 vasorum
817 1376 1010 1438 assariorum
1025 1382 1058 1439 et
1076 1379 1269 1457 potoriornm

163 1480 317 1547 vocabula
337 1476 482 1541 distincta
503 1475 639 1538 tortasse
660 1491 717 1553 pre
739 1473 909 1537 differentia
928 1488 1006 1536 usus
1029 1480 1062 1537 et
1082 1474 1202 1555 haurne
1217 1474 1270 1543 set

165 1580 205 1646 uh
225 1596 287 1642 nno
311 1579 395 1641 ionte
410 1574 495 1638 uerbi
510 1567 688 1652 ιιιιόννυμι,
704 1571 784 1635 undc
804 1566 936 1652 παιόνη,
949 1567 1115 1655 βατάνιον,
1128 1570 1270 1641 πιόνων

166 1686 199 1743 ct
222 1672 378 1753 Πόνιαχος
404 1666 461 1733 τὸν
486 1667 622 1750 τάλαρον
642 1669 782 1759 Βοιωτοί
825 1669 860 1731 in
887 1670 1000 1733 vicinia
1027 1670 1123 1750 huten
1150 1673 1269 1752 geticus
1311 1678 1313 1739 i

166 1779 317 1853 vagantur
337 1785 416 1850 quac
438 1767 634 1832 Grammatici
653 1770 754 1831 nostri
782 1766 1038 1831 nominativorum
1060 1770 1092 1832 in
1113 1784 1269 1837 numeru

165 1876 334 1951 aggregant
353 1873 482 1929 auctore
504 1866 607 1930 Schoi
628 1867 722 1929 Arist.
742 1865 820 1929 Plut.
842 1864 912 1928 utu.
932 1872 964 1928 et
984 1865 1064 1945 Euo.
1095 1867 1170 1932 789.
1189 1862 1270 1933 rino-

165 1966 349 2049 κοριοιικῶς
369 1958 485 2045 λέγεται
505 1957 524 2046 ἡ
544 1960 684 2044 schimeah
704 1956 784 2026 κατὰ
804 1957 841 2023 τὸ
857 1963 996 2043 πολίχνη,
1011 1963 1097 2043 quoti
1111 1981 1184 2031 cu!
1197 1982 1270 2046 prc-

167 2067 237 2149 prio
262 2060 394 2146 Πόλιχος
415 2078 472 2126 seu
495 2057 644 2142 Πτόλιχος
665 2061 798 2125 conferri
823 2065 928 2140 potest
953 2061 982 2123 si
1011 2057 1128 2138 ildino,
1161 2058 1273 2139 Πόλλις

168 2172 201 2229 et
221 2160 308 2237 ιιόλις
329 2176 507 2226 communes
528 2158 649 2223 radices
670 2158 791 2223 hahent.
836 2157 947 2220 Verum
975 2158 1220 2240 hypocorisnue
1241 2164 1273 2229 iu

170 2269 281 2329 neutro
304 2258 521 2341 Aristophanis
543 2257 615 2319 inco
637 2259 771 2339 putescit
791 2255 848 2321 sati
868 2256 967 2335 magis
987 2273 1027 2320 ex
1048 2256 1158 2322 Galen.
1174 2258 1272 2327 (ihesu.

170 2362 240 2426 citt.
261 2349 575 2439 convisitamus»)
596 2349 742 2437 amineo.
785 2356 883 2434 Hujus
905 2355 1058 2433 scripturn
1080 2356 1207 2423 stabitis
1225 2366 1273 2423 ent

170 2458 227 2525 ced
248 2460 374 2537 κυλλχνη
401 2451 516 2536 λέγειαι
543 2451 597 2518 καὶ
622 2453 751 2536 concarp
775 2448 855 2517 κατὰ
880 2448 999 2532 τροπήν
1024 2452 1092 2516 ΕΜ.
1114 2446 1206 2537 544,’
1225 2455 1272 2521 38

170 2558 264 2621 iatine
286 2557 423 2633 cutione.
467 2554 521 2616 hiis
544 2551 693 2617 accedunt
707 2552 888 2631 σπυρλχνιον
902 2555 933 2612 et
948 2545 1133 2630 κολλόχνιον
1151 2550 1272 2633 καρύου

169 2649 299 2730 λλιιισμο
320 2653 391 2715 iles.
419 2652 467 2713 cui
496 2658 659 2730 cognatum
682 2650 800 2712 cuttotc
828 2649 963 2711 cortices
990 2664 1107 2711 auctam
1137 2651 1272 2717 dictae

172 2750 379 2813 aietihtudiuc
403 2750 566 2813 calcorum
587 2747 665 2811 hest.
686 2746 747 2811 hoc
768 2754 818 2810 est
839 2763 857 2807 a
879 2761 992 2823 graeco
1013 2742 1137 2828 achaic,
1161 2752 1193 2812 in
1211 2768 1270 2830 quo

171 2846 335 2927 gutturuiis
357 2848 518 2925 vestigium
541 2846 664 2923 nullum,
686 2859 785 2923 neque
808 2844 1062 2907 cacumnomine
1075 2847 1271 2929 numquid-

173 2962 263 3027 quarn
284 2946 456 3008 commercii
478 2946 591 3022 hahct3
612 2957 682 3005 narn
701 2941 786 3020 quod
813 2943 845 3003 in
865 2940 943 3004 Plut.
967 2941 999 3004 V.
1022 2941 1141 3006 caath.
1165 2964 1192 3010 c.
1213 2946 1270 3013 hh

172 3059 231 3121 pro
253 3059 291 3104 eo
314 3044 344 3107 ih
366 3043 433 3109 coi.
458 3042 584 3107 Vulcoh.
607 3040 755 3121 scriptum
778 3046 826 3103 cst
847 3033 999 3120 πιθηιός,
1017 3040 1069 3103 vix
1091 3043 1123 3105 in
1138 3045 1272 3124 ‘compu-
1313 3060 1315 3085 ¹

173 3136 320 3201 tutionem
342 3140 424 3199 venit
446 3139 506 3201 hoc
527 3140 709 3217 praesertim
731 3145 875 3217 accentu;
896 3152 995 3216 neque
1017 3136 1134 3201 Plinius
1156 3157 1217 3207 nes
1236 3141 1271 3209 ad

173 3230 356 3299 credentium
384 3233 507 3298 adducit
535 3234 717 3299 utueeusae
751 3251 814 3298 non
844 3252 863 3298 a
894 3234 1049 3299 simiarum
1083 3236 1272 3305 multitudine

174 3328 230 3393 sed
252 3348 270 3392 u
291 3330 401 3410 figlinis
424 3331 621 3395 doiinriorum
643 3348 754 3395 nomen
776 3333 901 3396 inditum
922 3348 1003 3395 esse.
1052 3332 1136 3396 Inter
1158 3343 1272 3399 utram-

174 3444 234 3509 que
261 3430 444 3508 gutturalem
479 3436 564 3492 nutat
591 3446 652 3491 von
681 3431 804 3508 ignotae
839 3431 1005 3509 prosapiae
1039 3428 1211 3508 δορύκνιον
1235 3469 1271 3478 -

173 3522 324 3607 γράφεται
345 3525 398 3591 καὶ
418 3523 585 3607 όοοόχνιον
604 3527 670 3591 ΕΠ.
704 3527 771 3591 Jam
797 3528 835 3593 ad
863 3528 1014 3609 adjectiva
1033 3528 1198 3597 decurram
1218 3532 1272 3593 iis-

174 3622 243 3689 uem
275 3623 372 3687 literis
403 3624 500 3687 hnitu:
535 3620 692 3705 μυσοχνός
716 3622 943 3706 μεμολυσμένος
974 3627 1047 3690 Hes
1073 3627 1160 3708 qnod
1193 3628 1272 3710 apud

175 3720 258 3787 Suhi.
286 3721 461 3799 bnrytonon
496 3728 545 3785 cst
572 3732 681 3785 contra
708 3721 831 3785 Arcadii
860 3733 1058 3804 praeceptum
1087 3722 1126 3790 τό
1152 3729 1197 3804 εἰς
1222 3715 1273 3807 ιῖοξ

173 3812 255 3883 ἁπλᾶ
277 3816 384 3901 ἔχοντα
405 3815 466 3901 πρὸ
487 3820 544 3881 τοῦ
564 3816 636 3883 iio
657 3820 720 3883 τῶν
741 3813 940 3902 intercipere
961 3817 1100 3898 ὀξύνεται
1117 3822 1271 3894 maceriei

173 3910 256 3980 ὄντα.
301 3916 376 3979 iilud
399 3917 583 3997 gutturntem
605 3936 623 3979 a
645 3918 739 3980 uerbo
758 3915 933 3999 μιοόξομαι
954 3925 1090 4004 accepit,
1119 3926 1176 3991 sed
1205 3926 1272 3993 Μό-

172 4012 287 4095 λοχνον
307 4010 463 4079 όεισολέον
483 4015 557 4080 nulii
578 4015 753 4096 hujusmodi
781 4018 933 4099 primitivo
963 4020 1115 4105 innititur,
1144 4026 1204 4089 nisi
1237 4045 1271 4092 cr

173 4126 222 4189 no,
244 4109 325 4190 quod
347 4120 421 4187 post
439 4109 592 4191 μολόιιαι
613 4115 748 4195 positum
770 4122 828 4195 cst,
850 4114 1024 4199 Metriapeo
1038 4120 1113 4198 (hoc
1128 4128 1270 4207 accentu)
