2648 4756
173 321 221 388 ub
415 379 417 382 .
535 324 864 389 utssutlrnrto
897 325 918 389 l.

173 479 254 564 dep«
273 479 351 565 λέγει
372 485 475 550 schol.
497 487 570 566 Lyc.
592 489 683 552 ’700.9
709 483 827 569 μάστρα
856 482 927 551 ἀντὶ
946 489 1008 551 τοῦ
1029 484 1157 571 γαστήρ
1185 491 1285 554 Anetd

174 582 270 647 Beklr.
291 583 341 648 88.
363 585 474 662 quibus
497 604 535 655 en
557 587 691 650 adverso
714 605 826 668 ponam
853 588 1008 669 primitiva
1031 604 1094 668 pro
1117 585 1283 652 derivativis
1316 582 1324 629 ⁴

176 683 280 761 posita
306 678 407 762 μήτηρ
434 701 491 762 pro
519 680 620 765 μήτρα
649 684 795 764 Hippocr.
831 688 909 767 Epp.
938 704 967 767 p.
991 685 1067 749 826.
1102 687 1139 750 T.
1162 688 1213 751 lli
1235 681 1281 769 t’dpp
1321 689 1324 743 l

174 776 357 861 πυροφόρος
378 798 434 861 prc
457 777 540 860 αὔρα
560 782 684 846 Hesicd.
708 784 879 863 Oppia-19.
908 778 1012 865 ὀφρύς
1044 800 1105 864 pru
1138 777 1281 866 deotolt

177 885 227 941 est
247 874 334 960 ἐξοχή
357 880 475 943 Musch.
497 882 531 943 ll.
553 881 602 943 48.
624 882 697 943 ilem
720 883 746 943 si
761 876 842 962 χρὼς
857 882 987 964 αἵματος
1002 881 1195 963 diciturpro
1208 879 1283 964 χροιά

176 976 270 1057 Orpb.
290 978 367 1041 Litb.
389 978 458 1041 654,
481 985 512 1040 ot
532 977 640 1057 εἵματα
660 981 766 1059 χροιᾶς
786 982 817 1041 in
842 982 984 1060 Cyprior.
1005 978 1132 1060 Fragm
1146 980 1221 1045 xtt'.
1234 1000 1282 1062 pro

174 1072 300 1157 χρωτός,
323 1092 402 1156 quae
423 1077 474 1155 qui
489 1075 688 1159 distinguunt,
710 1077 846 1156 regulam
862 1080 952 1158 sequi
966 1077 1126 1160 videntur,
1149 1079 1282 1159 qnioon·

176 1173 319 1256 fundunt,
348 1174 509 1238 licentiam.
551 1174 640 1237 Valet
670 1176 824 1237 tamenin
847 1178 1023 1239 universum
1053 1175 1145 1256 qnod
1165 1179 1198 1240 in
1218 1194 1283 1258 pro·

175 1273 282 1336 verbio
305 1272 364 1336 dici
386 1273 477 1355 solat,
499 1268 533 1335 ἐν
552 1272 651 1357 λευκῷ
671 1273 753 1357 λίθῳ
774 1271 868 1355 λευκὴ
890 1270 1025 1356 στάθμη,
1051 1277 1130 1355 quia
1152 1293 1195 1339 er
1215 1292 1282 1356 pan·

176 1370 232 1452 cis,
262 1388 341 1450 quae
363 1372 443 1432 lorto
466 1373 589 1435 fortuna
610 1373 641 1434 in
662 1372 802 1434 notitiam
824 1379 965 1434 nostram
986 1388 1117 1454 venere,
1149 1375 1281 1437 testimo·

175 1469 235 1532 niis
256 1469 338 1533 baud
358 1467 472 1547 liquido
496 1478 581 1548 patet
603 1487 682 1549 quae
704 1471 744 1531 sit
766 1471 1011 1548 uniuscuiusque
1037 1471 1193 1535 vocabuli
1217 1488 1279 1551 pro-
1321 1498 1324 1504 ·

175 1568 243 1650 pria
271 1574 429 1648 potestas,
465 1583 526 1646 quo
556 1569 623 1631 sine
652 1568 812 1631 abusionis
841 1585 937 1631 sensu
966 1569 1134 1631 transferri
1158 1577 1190 1631 et
1213 1570 1279 1632 ultn

174 1683 265 1747 quern
293 1666 381 1728 linem
411 1664 555 1743 progredi
580 1682 643 1728 non
671 1668 773 1746 possit
801 1668 874 1745 quin
902 1671 1043 1728 naturam
1075 1684 1169 1730 suam
1191 1672 1278 1731 erunt

176 1764 271 1842 Cujus
294 1765 338 1826 rei
360 1770 474 1842 quauta
496 1765 536 1825 sit
558 1763 729 1845 difficultas,
751 1763 895 1826 facillime
910 1765 1064 1826 sentietur
1079 1766 1196 1846 siquis
1212 1781 1279 1828 con-

175 1862 305 1927 stituere
325 1869 453 1924 conetur
476 1861 513 1924 de
535 1862 653 1925 duabus
677 1863 782 1926 lormis
806 1868 874 1924 utra
897 1863 938 1924 sit
960 1862 1123 1940 antiquior
1143 1859 1279 1937 rallogm
1319 1887 1324 1905 ’«

173 1955 260 2041 πύλη,
283 1955 391 2032 σικυός
410 1977 449 2023 an
470 1957 572 2039 σικύα,
594 1962 731 2042 κραῦρος
753 1960 845 2023 boum
860 1959 986 2022 morbus
1002 1975 1042 2020 an
1056 1956 1187 2041 κραύρα
1200 1977 1277 2025 suun

174 2079 203 2124 r.
222 2059 390 2124 Schneider
403 2058 443 2122 ad
455 2061 549 2124 Arist.
572 2060 605 2123 T.
620 2059 668 2122 ΙΙΙ.
683 2058 785 2121 65210
804 2074 841 2120 ac
856 2059 973 2138 pariter
987 2057 1137 2136 ambigua
1155 2055 1278 2140 βράγχος
1318 1999 1324 2098 ¹

174 2153 301 2241 βράγχη,
323 2154 417 2238 ὄῤῥος
438 2151 528 2238 οὐρά,
550 2153 626 2237 ὀρός
646 2157 713 2219 siae
734 2148 829 2234 ὀῤῥός
851 2173 965 2236 serum,
984 2143 1087 2235 οὖρον
1109 2158 1212 2239 urina,·
1229 2153 1277 2220 ui-
1319 2113 1324 2181 ¹

174 2259 292 2340 pnpdog
311 2253 468 2339 κορύμβη,
490 2274 569 2337 qnae
590 2255 814 2334 Lericograpbi
837 2269 999 2332 perparum
1020 2269 1080 2332 pro
1103 2256 1278 2336 monpmls
1319 2214 1324 2281 ¹

175 2358 341 2437 accipiunt,
362 2356 518 2435 latinaque
539 2371 631 2417 arcus
652 2371 735 2435 arca,
758 2359 868 2432 portus
891 2351 1101 2434 (angiportus,
1122 2357 1277 2434 sacripor-
1318 2313 1324 2398 ¹

176 2455 241 2535 tus)
264 2462 369 2535 porta,
398 2454 519 2532 glomus
548 2452 688 2532 (globus)
710 2451 816 2531 gleba,
849 2449 940 2512 tubus
969 2447 1044 2510 tuba
1072 2449 1116 2528 (v.
1138 2451 1277 2516 Varrde
1318 2409 1324 2502 ¹

175 2553 247 2616 L.L.
258 2553 292 2614 tt.
306 2552 369 2629 35.)
393 2552 510 2612 animus
526 2552 635 2632 anima,
658 2557 816 2630 postremo
831 2547 960 2611 duorum
974 2547 1141 2633 nominum,
1159 2550 1199 2614 de
1216 2552 1278 2632 qui·
1318 2507 1324 2598 ¹

175 2650 234 2714 bus
258 2647 361 2714 Sobol.
383 2648 458 2710 Plat.
480 2647 550 2710 405.
573 2647 618 2711 ed.
647 2648 740 2712 Bella.
763 2647 898 2725 loquitur
925 2645 1015 2726 τίτθη
1042 2637 1063 2727 ἡ
1091 2642 1150 2710 τὸν
1177 2642 1278 2712 τιτθὸν
1317 2608 1324 2670 ¹

174 2743 368 2830 παρέχουσα,
388 2755 456 2809 ntra
479 2747 577 2808 torma
598 2753 628 2809 et
650 2753 718 2809 utra
736 2745 918 2824 significatio
941 2744 1147 2824 principatum
1172 2752 1276 2827 toneat,

175 2847 342 2913 decernant
364 2850 416 2927 qni
436 2844 540 2908 velint.
581 2845 647 2907 Nos
669 2844 745 2907 baec
768 2851 798 2907 et
820 2842 880 2905 alia
902 2844 933 2904 in
951 2839 1052 2906 medio
1070 2842 1275 2923 relinquentes
1318 2875 1324 2888 ι

176 2947 383 3027 apertioribus
405 2944 583 3006 insistemus
607 2944 805 3022 paronpmiae
826 2940 977 3020 vestigiis,
999 2955 1155 3019 quumque
1174 2942 1277 3005 baete·
1312 2956 1316 2961 ·

174 3061 233 3108 nus
256 3044 293 3108 do
315 3042 509 3123 appellativis
531 3040 644 3103 dictum
666 3042 719 3122 sit,
741 3056 822 3102 nunc
843 3039 970 3118 propria
992 3036 1031 3100 ad
1053 3046 1162 3116 partes
1184 3057 1275 3104 rocu-

174 3145 283 3208 bimus.
327 3141 388 3206 Sed
410 3147 502 3202 antea
522 3138 560 3201 de
581 3138 691 3201 bulbus
711 3138 935 3218 homonymiam
957 3137 1161 3213 synonymiae
1177 3144 1209 3201 et
1223 3154 1274 3218 pn-

174 3242 347 3322 rom-miae,
378 3256 457 3319 quos
480 3252 541 3300 nou
564 3235 715 3300 dialectici
737 3238 837 3299 solum
866 3233 921 3297 sed
943 3235 1135 3312 grammatici
1156 3253 1274 3318 quoqne

175 3340 298 3403 mirilico
321 3339 515 3417 permiscent,
538 3352 637 3414 pauca
659 3333 864 3416 praedicenda
885 3339 966 3396 sunt.

258 3479 287 3547 §.
309 3470 337 3534 3.
381 3469 464 3532 Theo
493 3469 523 3530 in
552 3466 713 3546 Progymn.
733 3467 780 3529 lV.
805 3466 872 3530 187.
901 3465 933 3528 T.
955 3464 975 3527 1.
998 3455 1151 3544 ὁμώνυμα
1172 3465 1273 3546 inquit,

174 3567 256 3634 lotio
276 3557 323 3632 clv
345 3560 437 3650 φωνὴ
457 3562 513 3648 μὲν
533 3562 586 3628 καὶ
607 3560 706 3644 ὄνομα
726 3558 761 3625 τὸ
782 3555 876 3640 αὐτό,
898 3557 1002 3642 ἕτερον
1022 3556 1055 3623 δὲ
1073 3555 1111 3624 τὸ
1133 3558 1273 3644 opposito·
1312 3558 1316 3591 ³

174 3691 268 3753 pauor
297 3659 366 3731 οἷον
392 3670 464 3738 παῖς
491 3657 509 3726 ὁ
535 3660 604 3738 υἱός
630 3654 726 3724 καὶὸ
755 3659 875 3735 δοῦλος.
925 3661 965 3724 Εῑ
994 3659 1097 3724 Schol.
1127 3661 1167 3724 ad
1189 3662 1271 3727 Iliun.
1297 3716 1302 3727 .

239 3892 268 3959 9)
296 3891 368 3945 llaec
387 3892 412 3942 in
431 3888 523 3956 Odyss.
542 3887 585 3940 Vl.
604 3885 645 3940 ll.
669 3883 829 3937 librariomm
848 3896 936 3938 errore
954 3879 1180 3949 conlusaputabat
1193 3882 1269 3937 libie-

174 3989 236 4040 nus3
258 3973 307 4028 sed
325 3972 439 4028 conludii
457 3973 536 4026 etiam
553 3969 694 4022 Anaxilaus
711 3967 771 4020 Atb.
786 3965 856 4020 Xlll.
876 3966 934 4022 5³8.
950 3964 980 4016 E.
1000 3961 1073 4029 ι’·ψοῦ
1088 3965 1156 4033 πρὸς
1171 3969 1270 4035 atcpar

175 4066 201 4116 et
219 4060 262 4113 alii
283 4071 307 4109 a.
326 4055 432 4111 Jacobs.
450 4054 528 4108 bntb.
547 4053 575 4106 P.
592 4053 651 4107 517.
668 4049 783 4106 blelnolr.
802 4051 828 4102 in
848 4049 921 4102 Com.
941 4047 1041 4115 Fragm.
1060 4046 1089 4102 Τ.
1103 4047 1152 4103 lll.
1166 4049 1209 4106 28.

243 4141 286 4208 ltl)
309 4139 410 4194 Eodem
428 4142 538 4190 accentu
556 4149 597 4202 ap.
617 4133 691 4188 Suid.
711 4147 732 4186 s.
752 4130 892 4201 Διάῤῥοια.
