2648 4756
116 358 170 424 DE
190 357 284 425 lton.
307 357 474 435 QUORUM
488 352 599 424 cudit
613 352 690 425 EST
703 352 911 426 prunulis.
935 361 1032 429 0111.
1054 372 1084 441 §-
1101 365 1131 432 2.
1153 364 1222 436 365
1315 418 1319 431 .

116 524 200 588 illum
223 525 353 607 primum
376 528 435 607 est,
463 517 602 605 λάοιιθος,
629 521 712 605 apud
733 522 814 587 hune
834 523 951 587 rectius
970 520 1118 605 Λάπιθος
1141 531 1224 595 scri-

115 621 216 700 bitnr3
251 622 334 684 hunc
363 622 441 685 enim
462 623 681 686 nominativum
700 620 816 685 habere
836 620 958 684 ridetur
977 627 1131 703 genitivus
1153 633 1223 693 Λοι-

113 720 217 783 allice
233 720 376 800 (montis)
396 719 484 783 Paus.
510 720 542 783 v.
564 721 594 801 5,
615 722 644 785 5.
665 722 765 784 minus
788 726 885 782 tutum
907 727 956 783 est
977 718 1111 799 νάπιθος
1124 727 1223 791 θυσία

112 819 189 882 lies.
211 834 273 899 quc
296 818 415 880 nomine
436 817 516 882 idem
537 818 656 901 σομίθη
674 820 902 899 interpretatur.
953 820 1124 886 Secundum
1145 819 1223 888 λέκι-

111 920 178 990 θος
199 918 265 980 sive
286 914 419 978 vitellum
441 916 594 995 significat
614 912 670 980 τὸν
688 914 806 999 κρόκον
825 917 885 978 τοῦ
904 909 981 994 aiod,
1004 920 1071 982 sive
1092 915 1222 1003 ὄσπριον

111 1010 287 1097 apostostolis
313 1008 389 1092 ὅπερ
414 1005 584 1091 ἀρσενικῶς
611 1011 729 1098 idpsum
755 1009 773 1079 ὁ
799 1009 925 1089 λέκιθος
951 1016 1221 1101 Ειιει.1572,55.

113 1116 183 1179 siue
204 1112 296 1178 dubio
319 1112 358 1175 ab
381 1110 488 1176 eadem
509 1114 607 1194 stirpe
629 1120 679 1178 est
700 1130 790 1195 quem
810 1114 985 1193 Hesychius
1005 1114 1119 1179 indicat
1139 1111 1223 1181 λέκι-

113 1214 180 1276 θον
205 1205 243 1274 τὸ
268 1211 327 1274 τοῦ
354 1203 422 1273 aiod
441 1210 579 1273 λεπίδων
606 1216 637 1276 ei
659 1211 763 1277 Schcl.
783 1213 879 1277 diist.
900 1214 978 1277 Plus.
1000 1214 1071 1278 ⁴27.
1097 1209 1223 1293 λέιιιθσς

112 1306 152 1374 τὸ
169 1303 290 1387 ξανθὸν
308 1309 367 1372 τοῦ
387 1301 455 1372 doc
475 1304 528 1371 διά
545 1304 582 1373 τὸ
601 1306 683 1373 λέπει
703 1306 883 1388 κιάθισθνι,
905 1324 969 1391 quo
989 1326 1053 1374 non
1073 1313 1224 1380 aberras·

113 1416 165 1474 set
186 1408 213 1471 sl
235 1406 425 1471 meminisset
445 1407 579 1471 alduiom
599 1403 689 1481 λέκος
707 1403 829 1489 λεκάνη,
850 1403 943 1483 λάσιος
961 1411 1051 1485 λαις.
1087 1411 1221 1479 Tertium

112 1514 182 1571 erat
209 1501 315 1586 ἔριθος
339 1506 456 1586 κυρίως
484 1498 502 1569 ὁ
527 1501 697 1587 ἐρισυρμός,
725 1506 972 1589 καταχρηστικῶς
997 1503 1031 1571 δὲ
1055 1501 1074 1572 ὁ
1101 1512 1221 1592 μισθοῦ

111 1600 313 1686 ἐργαζόμενος
341 1602 445 1668 schol.
466 1603 499 1668 ll.
523 1603 624 1668 livill.
646 1603 716 1668 550.
743 1604 817 1668 illud
839 1606 878 1669 ab
906 1602 1000 1685 ἔριον,
1021 1606 1083 1670 Ιιοσ
1103 1609 1143 1671 ab
1163 1606 1221 1688 ἔρα

111 1704 235 1769 scilicet
255 1702 321 1765 Eli.
344 1700 415 1783 373,
436 1701 485 1766 39.
528 1702 693 1783 Aliquanto
720 1702 830 1767 melius
858 1702 1045 1767 Philoxenus
1073 1696 1221 1771 άπὸιοά
1290 1754 1296 1765 .

109 1797 213 1883 ὲρέθνι
242 1816 271 1881 ρ.
292 1798 364 1876 370,
386 1799 435 1863 37.
478 1799 540 1865 Sed
572 1801 674 1864 thema
700 1801 820 1865 videtur
847 1798 907 1883 ἔριν
937 1800 1018 1884 tono
1043 1796 1217 1887 ἐργάζομαι,

109 1900 195 1965 unde
215 1895 278 1978 ἔρις
298 1898 473 1979 contentio,
499 1893 613 1977 ἔρέσσω
635 1900 719 1978 agito
746 1893 888 1981 ἐριθίςοι,
916 1898 1022 1979 ἔριθος
1042 1896 1062 1966 d
1080 1899 1218 1989 ἐργάτης,

110 2006 144 2063 et
160 2000 297 2062 tortasse
310 1990 451 2076 νέργιθες
463 1998 652 2062 Milesiorum
666 1997 803 2079 opifices,
821 1998 983 2080 cardones,
1002 1999 1107 2079 perdil.
1137 2004 1220 2068 Sca-

109 2098 191 2177 liger
211 2112 286 2158 vero
308 2093 347 2157 ad
369 2095 453 2159 Varr.
476 2113 504 2176 ρ.
527 2096 596 2161 143.
619 2096 711 2158 etiam
732 2093 847 2176 εἴρερος
866 2104 897 2159 et
919 2096 1038 2160 eritodo
1058 2099 1126 2164 sive
1145 2118 1219 2166 ser-

109 2193 219 2259 vitude
241 2193 361 2255 confert
383 2191 438 2255 sed
466 2193 505 2256 ab
532 2191 594 2256 elio
623 2193 775 2273 principio
795 2193 869 2277 εἴρω
890 2210 973 2276 sero,
1000 2190 1110 2275 ἔριθον
1129 2202 1219 2279 qnasi

109 2308 231 2358 aecum
259 2291 476 2369 interpretans.
526 2289 613 2354 Adeo
649 2290 741 2355 nobis
768 2289 961 2374 Etymologie
994 2292 1121 2374 gloriari
1147 2296 1221 2363 licet

110 2389 197 2473 quod
216 2388 377 2453 Sireuibus

291 2536 378 2617 ἴσμεν
398 2531 513 2609 ψεύδεσι
533 2530 631 2599 πολλὰ
650 2531 747 2618 λέγειν
767 2531 925 2619 ἐτύμοισιν
945 2535 1038 2622 ὅμοια

110 2706 170 2752 nec
193 2693 293 2749 tamon
314 2687 391 2748 haec
413 2685 562 2749 sedulitas
585 2702 622 2749 co
645 2704 704 2750 nes
726 2688 869 2769 provehit
890 2697 923 2753 ut
944 2691 1008 2752 iota
1028 2691 1128 2774 longi,
1155 2708 1218 2774 quo

109 2784 218 2866 ἔριθος
246 2803 264 2847 a
290 2780 414 2857 λέκιθος
441 2784 554 2866 differt,
584 2787 735 2848 rationem
764 2786 893 2849 reddere
920 2789 1087 2867 possimus.
1132 2790 1218 2865 Quae

110 2886 260 2962 deinceps
284 2883 501 2962 Theognoslus
523 2890 690 2965 enumerat,
711 2884 818 2946 vitiata
837 2892 907 2946 suut
932 2887 1042 2967 omnia,
1064 2889 1219 2966 gravissi-

109 3001 161 3048 me
181 2977 372 3057 deviarem,
407 2984 495 3058 cujus
517 2980 646 3043 sanandi
667 2997 762 3060 rspem
784 2981 931 3061 deposui,
960 2990 1065 3043 cetera
1086 2983 1220 3045 iotacis-

109 3084 152 3147 mi
175 3081 360 3160 contagione
380 3079 505 3159 allecta,
529 3074 727 3158 Πεπάρηθος,
750 3072 913 3158 Κάνηθος,
926 3073 1065 3160 Ἅρηθος
1085 3086 1218 3146 sumtum

111 3184 249 3246 sortasse
277 3196 314 3240 er
344 3177 434 3238 Paos.
457 3176 531 3240 lllll.
554 3175 584 3257 l,
606 3177 633 3239 7.
655 3175 707 3239 ubi
727 3191 809 3238 nunc
827 3168 990 3258 Ἀρηίθοος
1010 3179 1137 3262 legitur,
1167 3182 1217 3245 vel

110 3277 308 3345 scribendum
328 3272 470 3356 Ὅρηθος
503 3275 628 3338 Siciliae
655 3274 764 3337 durius
792 3290 891 3356 prope
919 3276 1123 3340 Panhormum
1150 3278 1218 3344 vin.

111 3382 187 3458 ch.
209 3377 371 3439 Postremo
393 3369 537 3454 Σέβηθος
558 3372 742 3452 Campaniae
770 3374 855 3436 rivus
877 3392 905 3436 v.
927 3372 1055 3452 interpr.
1079 3373 1117 3436 ad
1138 3375 1214 3438 Aen.

109 3477 174 3539 vlt
204 3474 273 3538 rat.
299 3479 329 3536 et
357 3467 511 3552 Ariandos
543 3471 618 3533 urbs
653 3471 746 3551 Cypri
774 3489 803 3534 v.
830 3470 927 3549 Engel
955 3470 1078 3548 ln'ppros
1107 3488 1136 3551 p.
1166 3471 1215 3537 79.

111 3574 176 3640 Sed
199 3571 281 3652 quod
309 3572 356 3633 his
382 3571 575 3648 interjectum
597 3574 646 3630 est
667 3561 830 3646 ὀιόκιθος,
857 3569 917 3631 nisi
939 3567 990 3631 ille
1012 3571 1217 3647 compositum

111 3667 258 3743 ὁάάλιθος
286 3670 334 3731 vel
353 3663 557 3748 μονοιέκιθος
576 3667 712 3746 intersit,
743 3665 895 3745 quadrare
917 3666 1034 3729 nescio.
1070 3661 1219 3740 ’Ἀλκιθος

112 3772 237 3855 (omiss.
259 3769 289 3830 io
312 3767 379 3847 Th.)
408 3765 514 3845 Polyb.
535 3764 665 3828 lllllllll.
688 3763 737 3845 10,
758 3763 786 3827 9.
812 3765 1016 3843 compositum
1039 3772 1164 3844 putator
1183 3773 1217 3830 ut

114 3870 265 3948 Πεάρνθος
286 3866 458 3947 etelredus
479 3866 545 3928 avis
565 3878 678 3925 nomen
702 3878 740 3924 cx
760 3859 810 3936 οιῖξ
829 3868 860 3924 el
879 3863 931 3924 θῶ
950 3857 986 3923 τὸ
1006 3858 1131 3942 θηλάζω
1151 3864 1216 3926 ΕΜ.

111 3974 147 4032 ut
169 3958 341 4044 αἰγνθὴιοις,
364 3982 424 4043 quo
442 3965 564 4027 nomino
584 3961 759 4039 Antigonus
781 3961 907 4023 candem
928 3961 1093 4041 significari
1114 3961 1218 4025 credi-

112 4066 158 4130 dit
179 4065 370 4142 vituperatus
394 4062 433 4125 ob
455 4060 486 4124 id
507 4078 527 4124 a
547 4057 735 4124 Schneidoro
758 4057 796 4120 ad
819 4060 947 4122 Aristot.
971 4059 1003 4122 T.
1025 4059 1073 4122 lV.
1094 4076 1124 4138 p.
1147 4061 1215 4125 111.

112 4162 246 4243 simplex
274 4160 330 4225 sed
355 4160 497 4223 allectum
524 4152 670 4240 τρέμιθος
696 4149 895 4239 ὁλεγόμερος
914 4152 1091 4241 τερέβινθος
1111 4160 1216 4225 Schol.
