2648 4756
154 356 225 425 414
507 345 837 416 btssnurnnio
871 344 909 413 Χ.

156 514 275 595 ἄνοιξιν
295 515 353 578 τοῦ
373 510 527 596 στόματος
552 507 694 586 ἐναντίας
713 512 885 593 φαίνεσθαι
902 509 973 575 not.
1004 507 1045 573 de
1069 506 1264 571 Ριῐλ.11ι)ιῐι.

155 634 187 699 p.
206 615 256 680 42.
276 612 379 677 metet.
400 630 430 695 p.
452 610 503 677 85.
524 603 715 692 beabwbeaic
735 610 857 675 triobila
875 626 905 676 v.
929 606 1035 673 ii'eistn
1049 604 1091 670 ad
1104 605 1266 669 Constant

156 711 227 779 256.
248 711 375 792 proprie
395 711 468 773 vitis
489 710 649 774 arbustiva
669 724 750 790 quae
771 715 802 772 et
823 704 1036 786 ἀνισωσρῖιις
1054 703 1188 784 dieitur,
1216 723 1267 765 so

155 805 247 883 λιίσες
265 804 305 872 ιὰ
324 801 543 890 humidiora,
564 802 715 889 φαικάῦις
734 806 858 889 soleae,
883 800 990 879 κλειάς
1016 819 1036 868 ι
1063 803 1173 874 πλεῖος
1201 800 1267 865 seb

157 909 191 975 it
211 907 315 973 xviii
335 905 407 971 486.
428 905 480 969 aiii
501 903 542 970 ao
560 899 643 969 πλέω
662 904 809 968 reiorunt
850 902 914 969 Sed
934 902 1089 984 pleraque
1110 907 1267 964 autunum

157 1007 275 1072 babent
295 1004 437 1084 adjectivi
462 1008 603 1068 naturam
624 1007 678 1065 aut
698 1007 801 1065 tamen
821 1017 890 1066 eam
910 1001 1002 1083 quasi
1022 997 1164 1080 quadam
1186 1012 1270 1062 eon-

158 1103 367 1173 munioatioue
387 1100 566 1166 idiomatum
588 1099 775 1181 partieipant
791 1106 826 1162 ut
844 1094 963 1182 γενιιὰς
981 1095 1121 1170 &ibrum
1148 1089 1170 1178 ἡ
1196 1088 1270 1159 κατὰ

158 1201 278 1285 γενείου
306 1205 336 1263 et
362 1199 423 1263 alia
448 1192 576 1278 παρειάς
602 1189 665 1261 ἀπὸ
690 1197 751 1260 τοῦ
769 1191 883 1280 μέσους
903 1197 1009 1262 Galen
1029 1196 1073 1260 de
1095 1195 1188 1261 Fuso.
1205 1193 1267 1258 itit

160 1298 232 1367 787.
252 1298 357 1363 xxm
377 1296 448 1362 ’193.
472 1297 505 1361 Τ.
525 1295 628 1360 xviii
649 1294 682 1359 Τ.
701 1294 723 1359 L
745 1301 778 1359 et
798 1295 864 1361 beri
882 1303 991 1378 potest
1013 1301 1047 1358 ut
1068 1287 1179 1375 χειμάς
1191 1309 1267 1374 quo-
1323 1301 1324 1304 ’

160 1414 231 1481 que,
252 1412 315 1479 quo
336 1393 429 1476 paulo
451 1401 523 1458 ante
544 1394 594 1459 usi
620 1408 744 1475 sumus,
770 1410 835 1458 non
862 1393 980 1459 direete
1008 1393 1148 1457 biemem
1174 1390 1269 1472 mgni·

160 1494 232 1560 beet
250 1491 308 1561 sed
327 1486 387 1575 τὴν
409 1492 563 1575 zenobiae
582 1490 651 1557 soil.
672 1485 760 1573 ὥραν
787 1492 855 1557 sive
880 1486 1073 1556 κατάστασιν
1103 1508 1136 1557 v.
1161 1487 1267 1555 rum

161 1591 234 1659 358.
262 1598 297 1656 ut
322 1589 465 1655 meridies
496 1591 639 1655 absolute
665 1586 853 1673 μεσημβριάς
880 1589 991 1653 dieitur
1018 1588 1137 1653 bouum
1164 1586 1266 1668 Eepbr.

160 1689 255 1757 136.
277 1690 394 1753 omisso
416 1687 613 1753 substantivo
634 1683 711 1769 ὥρα,
732 1688 816 1771 quod
837 1688 966 1753 Nonuus
988 1685 1135 1768 adjungit
1158 1693 1194 1751 ut
1212 1687 1266 1765 bv-

162 1787 281 1869 oopbro
301 1779 455 1867 χαμεννὰς
473 1779 560 1869 εὐνή,
571 1786 809 1867 nominibusque
827 1785 1006 1850 morborum
1021 1780 1138 1866 λσχιάς,
1152 1778 1265 1863 ληνός,

162 1878 281 1969 woodo
302 1878 357 1964 (ἣν
377 1881 408 1944 οἱ
425 1875 587 1966 Ἀθηναῖοι
607 1883 720 1966 φθίσιν
739 1877 927 1965 ὀνομάζουσι
948 1881 1055 1946 Sohob
1078 1884 1114 1948 in
1126 1883 1265 1965 Hippom.

164 1980 198 2047 T.
217 1980 253 2046 m
280 1979 365 2063 364.)
391 1975 497 2062 κοινάς
527 1981 666 2046 seroiulu
692 1980 919 2046 substantivum
945 1974 1059 2057 νόσος,
1091 1983 1265 2064 rupiumque

162 2080 344 2161 synonymis
363 2076 486 2160 λιιιράς,
506 2075 622 2159 λισσιὶς,
641 2075 748 2163 κοινάς
767 2095 882 2146 nonen
901 2073 998 2162 νέειν
1017 2077 1119 2143 modo
1141 2077 1267 2143 udbitum

161 2179 324 2262 reperitur,
345 2177 437 2242 modo
464 2176 563 2243 deest

246 2284 277 2351 s.
297 2277 327 2342 4.
376 2274 491 2340 Eorum
520 2281 622 2341 autom
647 2274 929 2358 substantivorum,
961 2290 1043 2356 quae
1072 2272 1231 2339 obversam
1253 2289 1268 2336 ι
1300 2266 1305 2363 Ι

163 2373 384 2455 substantivis,
414 2372 513 2436 undo
505 2380 593 2437 orta
620 2381 710 2457 sunt,
738 2373 992 2455 significationem
1021 2372 1188 2456 obtinent,
1218 2371 1269 2436 abia

163 2471 317 2537 oommuni
344 2487 582 2551 omonymorum
606 2474 730 2537 nomine
757 2469 975 2552 comprehendi
996 2468 1133 2554 debent,
1164 2471 1251 2535 alia
1242 2485 1269 2534 n

164 2576 267 2633 eortas
294 2569 384 2648 qnasi
411 2569 531 2632 olasses
559 2569 692 2635 describi
719 2574 861 2653 possunt
913 2570 960 2631 λι
985 2569 1139 2632 motionis
1170 2585 1268 2634 exem-

163 2664 247 2746 plum
268 2665 388 2726 unicum
410 2664 467 2729 sed
487 2665 642 2735 indubium
664 2673 714 2731 ost
734 2662 846 2744 λεπάς,
869 2663 951 2746 quod
974 2663 1141 2746 Oppianus
1164 2665 1268 2747 Cvnb

165 2760 234 2831 162
263 2760 413 2825 adsumsit
434 2780 526 2843 quum
548 2763 691 2828 distinete
712 2780 822 2847 equam
845 2764 1018 2844 significare
1045 2763 1144 2828 vellet
1172 2764 1269 2828 tneo

164 2855 226 2926 beo
247 2853 355 2924 teaoo’
377 2856 515 2944 ἔχεσθαι,
542 2862 681 2927 nimirum
702 2864 774 2943 quin
794 2862 872 2926 bueo
892 2860 1085 2943 terminatio,
1113 2863 1175 2926 etsi
1196 2852 1299 2927 duo-'

165 2976 231 3025 rom
253 2964 303 3022 ost
323 2975 478 3042 generum,
501 2967 601 3023 tamen
622 2961 788 3040 praeeipue
811 2960 962 3024 terniniuis
984 2959 1178 3024 attribuitur
1216 2962 1269 3027 Se·

165 3055 265 3120 eundo
286 3071 399 3134 genere
421 3059 616 3121 eontinentur
637 3057 836 3140 deminutiva,
862 3073 991 3138 quorum
1013 3056 1106 3138 plura
1125 3075 1193 3139 qua
1207 3064 1268 3141 jme

165 3168 227 3233 qua
253 3152 364 3229 injuria
392 3162 596 3233 corrogarunt
618 3154 822 3238 Grammatioi,
850 3172 929 3236 quos
951 3155 1112 3235 impugnat
1133 3156 1268 3221 Eustutb

166 3266 196 3330 p.
221 3245 310 3328 1766,
334 3246 380 3312 10.
401 3245 437 3310 τὸ
458 3247 567 3324 Morbis
584 3248 644 3314 οὔκ
656 3248 737 3314 ἐστιν
750 3246 988 3333 ὑποκοριστικὸν
1009 3246 1089 3314 ἀλλὰ
1109 3249 1193 3336 πρὸς
1214 3256 1269 3320 btu-

165 3340 280 3427 στολὴν
299 3347 355 3428 τῆς
373 3342 477 3420 ἁπλῶς
496 3349 588 3429 μαίας
609 3357 639 3413 ot
661 3367 690 3430 p.
713 3349 802 3433 1944,
818 3349 868 3415 49.
889 3346 926 3413 τὸ
946 3345 1110 3413 λιθάδεσσι
1130 3349 1269 3436 δηλοῖῶς

165 3437 225 3508 οὐκ
246 3439 277 3520 ἐξ
297 3437 434 3526 ἀνάλκης
454 3438 675 3529 brumetonam}
695 3441 715 3530 ἡ
735 3443 820 3526 λέξις.
857 3447 920 3514 Sed
939 3446 1019 3512 idem
1039 3458 1159 3529 poetae
1182 3453 1268 3517 verbu

168 3541 224 3608 Od.
245 3540 321 3603 xlv.
345 3541 394 3606 36.
423 3544 511 3606 σεῦεν
530 3538 628 3617 κύνας
647 3546 803 3628 πυκνῇσιν
822 3542 982 3609 λιθάδεσσι
1008 3547 1056 3610 sio
1078 3557 1268 3615 commenta·
1298 3562 1300 3567 '

166 3649 216 3706 tur
236 3637 270 3703 αἱ
288 3633 414 3712 λιθάδες
425 3637 542 3706 ἐοίκασι
557 3638 731 3724 μικρότεροι
744 3636 897 3708 εἶναιτῶν
910 3640 1053 3708 λιθάιιων
1064 3645 1153 3727 εἴπερ
1166 3642 1267 3714 'Obno
1295 3584 1302 3723 1

165 3733 239 3814 eoba
258 3733 417 3799 λιθάκεσσι
436 3732 492 3801 τὸν
512 3734 626 3803 ἑαυτοῦ
641 3737 787 3822 θάλαμον
807 3738 901 3823 ἔδειμε
915 3743 970 3809 oo
984 3743 1089 3808 XXIV.
1106 3744 1179 3811 193.
1215 3748 1268 3813 Vo·
1299 3734 1302 3739 ¹

166 3853 232 3900 rum
252 3835 313 3898 boo
334 3835 405 3900 looo
427 3853 508 3902 nuno
530 3845 686 3920 receptum
709 3846 758 3903 est
778 3837 971 3919 λιθάσωσιν,
999 3843 1032 3905 in
1052 3842 1109 3906 illo
1131 3860 1201 3910 non
1222 3863 1268 3911 no·

166 3933 337 3996 cessarium
359 3950 431 3998 esso
452 3935 628 3999 deminutivi
648 3954 736 4002 usum
758 3948 887 4018 apparet
909 3956 948 4004 ox
969 3940 1099 4006 Tbooor.
1119 3942 1215 4011 XXV.
1229 3944 1266 4020 ⁷3,

166 4028 219 4090 ubi
241 4027 378 4109 lapidos,
400 4033 511 4114 quibus
540 4047 634 4113 onnes
664 4036 841 4118 abiguntur,
868 4039 945 4112 λᾶας
965 4044 1057 4102 vooat
1080 4046 1113 4104 ut
1137 4043 1266 4107 missiles

169 4121 208 4189 nb
229 4123 363 4186 Homero
386 4126 526 4195 dicuntur
546 4130 638 4196 λίθοι.
660 4131 768 4215 Neque
789 4135 932 4200 subvenit
952 4133 1034 4200 aliud
1054 4134 1266 4206 deminutionis
