2648 4756
187 315 235 383 28
492 370 495 375 .
547 316 874 384 nrssnnrnric
906 318 926 381 1.

190 483 237 546 sic
258 480 411 545 Homerus
439 488 471 546 et
497 480 653 546 Hesiodus
677 483 755 564 βοῦς
780 483 896 564 ταῦρος
923 488 955 546 et
982 475 1032 554 ὄϊς
1058 472 1189 562 ἀρνεοός
1210 500 1289 547 usur·
1313 511 1323 592 ¹7

188 584 265 660 pant
291 577 401 644 eodem
429 579 589 643 intellectu
618 597 680 661 qno
709 580 802 661 uulgo
830 577 879 654 ὄϊς
902 575 1002 661 ἅρσην
1030 584 1062 642 et
1094 580 1179 656 βοῦς
1205 577 1322 695 despit

189 674 250 739 dici
277 676 367 740 solet.
409 677 542 742 Proinde
563 679 721 760 quaeritur
745 678 826 760 apud
853 677 1044 742 Herodotum
1054 676 1121 741 -ssL
1146 678 1217 744 112
1236 680 1287 742 τόν

188 772 287 854 αἰγῶν
300 775 364 837 τῶν
375 770 499 857 τράγον
518 781 618 839 utrum
640 776 718 840 alter
730 778 883 856 genitivus
897 775 1026 840 alterum
1039 782 1139 854 regat
1152 778 1187 840 oi
1198 774 1288 859 τράγοι

187 873 252 934 τῶν
279 871 378 954 αἰγῶν
407 890 448 936 an
476 890 572 954 caper
600 874 659 938 dici
689 877 793 955 possit
820 874 870 951 αἲξ
894 870 1007 954 τράγος
1035 872 1105 936 hoc
1133 883 1184 939 est
1206 873 1227 939 d
1250 876 1293 954 αξ

189 964 329 1053 ὁᾶρτην
355 973 446 1035 Paus.
467 973 515 1035 lv.
537 973 587 1054 20,
608 973 636 1037 2.
691 972 843 1036 Convenit
870 971 991 1052 quidem
1019 971 1112 1052 quod
1140 974 1293 1054 caprificus

189 1071 208 1135 i.
221 1086 246 1134 e.
258 1066 280 1152 ἡ
293 1065 394 1151 ἀγρία,
408 1064 429 1152 ἡ
442 1065 542 1151 ἄρσην
555 1070 637 1151 συκῆ
651 1068 734 1151 apud
746 1071 922 1134 Messenios
935 1085 1049 1133 nornen
1062 1069 1180 1134 habuit
1191 1069 1294 1153 τράγος

190 1176 222 1231 et
242 1185 369 1233 maenae
391 1186 492 1233 mares
515 1176 653 1250 tempore
670 1167 859 1233 catuiitionis
874 1162 983 1249 τράγοι
999 1168 1102 1231 Arist.
1122 1169 1161 1234 it
1177 1172 1215 1234 Α.
1226 1171 1292 1236 iili

189 1265 239 1331 30.
266 1266 322 1331 sed
350 1266 433 1348 quod
462 1267 603 1331 omnibns
631 1266 772 1347 partibus
801 1267 900 1330 simile
934 1268 976 1331 sit
1004 1270 1189 1346 exemplum
1220 1269 1290 1352 apud

188 1363 326 1429 Graecos
348 1371 422 1446 post
442 1365 609 1430 Hesiodum
629 1380 693 1427 non
715 1365 846 1443 reperio.
895 1364 979 1428 Haec
1000 1370 1108 1428 autem
1132 1367 1286 1447 procando
1318 1400 1323 1444 ς

187 1461 260 1527 duni
286 1480 349 1544 quo
370 1464 479 1527 melius
500 1465 665 1527 universae
684 1463 831 1545 regionis,
860 1478 951 1542 quam
972 1472 1203 1543 peragraturus
1222 1483 1283 1549 sun,
1317 1506 1323 1540 .

186 1564 319 1627 ambitus
341 1570 485 1644 tanquam
507 1578 546 1624 er
566 1560 669 1642 aliqua
689 1560 818 1641 specula
839 1560 978 1641 prospici
999 1569 1126 1640 posset
1314 1628 1323 1663 ς,

269 1668 299 1735 s.
326 1661 355 1725 d.
402 1659 469 1723 Jum
496 1674 571 1722 vero
594 1655 633 1720 ad
662 1673 730 1721 eam
758 1674 854 1721 senus
882 1657 1117 1724 discriminandi
1147 1665 1285 1730 radonem
1313 1668 1323 1746 ζ,

184 1756 366 1838 progrediar
379 1774 468 1838 quae,
490 1757 563 1836 quia
582 1754 653 1819 sola
672 1756 805 1819 nominis
827 1755 1033 1820 declinatione
1051 1759 1198 1844 efficitur,
1218 1777 1286 1841 pro-
1313 1808 1323 1847 r

184 1856 251 1936 prio
278 1857 374 1919 motio
402 1855 585 1919 nominatur.
632 1853 708 1932 Ejus
736 1855 860 1934 species
882 1861 954 1919 sunt
974 1854 1147 1940 plurimae,
1174 1859 1285 1940 simpli·

184 1954 310 2018 cissima
331 1970 368 2017 ea
389 1970 450 2034 qua
472 1951 704 2016 terminationes
726 1953 917 2016 masculinae
936 1958 1095 2017 mutantur
1117 1956 1152 2021 in
1172 1958 1283 2022 ienini-
1312 1960 1323 1974 “

183 2067 241 2115 nas
263 2053 336 2115 sine
362 2051 425 2115 ulio
454 2051 648 2114 extrinsecus
675 2050 884 2114 incremento:
922 2046 993 2115 οὔτε
1012 2053 1093 2125 θεᾶς
1113 2049 1185 2129 υἱὸς
1204 2057 1282 2137 φοος
1316 2072 1323 2119 ν

182 2145 254 2213 οὔτε
277 2153 367 2213 θεοῖο
393 2150 426 2214 11.
447 2149 483 2213 X
504 2148 553 2215 59.
578 2148 624 2222 τίς
641 2149 727 2212 θεῶν
745 2145 768 2228 ἢ
787 2150 868 2212 θεᾶν
892 2149 1006 2213 Auscii
1028 2150 1118 2230 Sept.
1141 2151 1191 2219 91.
1218 2154 1281 2235 (pra
1313 2162 1322 2201 ἒ

182 2263 244 2328 quo
265 2248 458 2329 Antiphanes
483 2246 593 2311 dtiren.
613 2246 684 2312 423.
700 2246 733 2312 0.
755 2263 913 2329 paragoge
942 2263 1018 2311 usus
1046 2255 1098 2311 est
1126 2252 1214 2315 θεῶν
1235 2246 1281 2314 aad
1314 2235 1320 2285 ⁵

180 2348 330 2429 θεαινῶν)
358 2353 390 2412 et
416 2348 448 2410 in
474 2344 653 2426 quotidiano
675 2362 819 2410 sermone
845 2342 888 2427 μὴ
908 2338 968 2426 γὰρ
987 2336 1067 2407 εἶναι
1085 2340 1194 2430 αὐτὴν
1211 2341 1280 2412 θεὸν
1312 2342 1323 2435 ἶ

181 2438 260 2508 ace
277 2441 457 2525 οεοοονος.
471 2446 506 2508 ιι.
522 2443 623 2509 116³8
649 2444 823 2508 secunaum
844 2445 946 2509 roeum
967 2443 1110 2508 οοοοοοι
1132 2446 1281 2511 nomam
1313 2428 1323 2535 ‚¹

180 2545 305 2606 nomina
324 2539 419 2624 κόρος
437 2538 531 2624 κόρη,
560 2559 636 2622 puer
657 2558 769 2624 pucra,
793 2543 841 2606 vir
860 2544 936 2625 rira,
964 2543 1086 2607 tertium
1109 2545 1279 2609 animalium
1311 2566 1323 2624 p

180 2656 257 2722 aper
277 2658 362 2724 apra,
384 2657 477 2721 caper
499 2657 603 2722 capra,
625 2658 723 2721 pavus
745 2658 834 2723 para,
855 2657 971 2722 porcus
992 2656 1091 2721 porca
1113 2649 1174 2707 etc.
1201 2643 1278 2707 Haec
1312 2675 1321 2728 ς

180 2745 283 2803 autem
304 2741 448 2804 ieminina
469 2739 642 2803 derivamus
664 2756 684 2802 a
704 2739 883 2804 masculinis
904 2739 1003 2819 mame
1023 2745 1156 2818 propter
1177 2740 1277 2804 excel·
1307 2770 1323 2817 ι,

178 2837 303 2902 lentium
324 2854 419 2902 sexus
432 2854 523 2918 quam
536 2854 598 2918 quo
612 2844 735 2902 constet
752 2844 821 2902 utra
835 2838 913 2901 utris
926 2837 1154 2903 concesserint
1185 2839 1275 2902 Varro
1307 2844 1323 2912 i

178 2935 217 3000 de
237 2937 270 2999 L.
291 2937 324 3000 L.
345 2935 394 3000 lX.
416 2935 466 3018 38,
488 2936 556 3000 140.
580 2938 663 3015 oiim,
692 2937 800 3018 inquit,
828 2952 938 2999 omnes
957 2951 1065 2998 mores
1088 2937 1123 2998 ct
1141 2936 1276 3016 feminee
1312 2946 1323 2993 r

179 3033 366 3097 dicebantur
387 3033 552 3097 eotcmdce
573 3070 614 3081 -
635 3052 719 3099 cccc
734 3040 868 3116 propter
889 3034 1080 3120 domesticae
1108 3049 1191 3098 uoce
1218 3052 1275 3115 cp-
1305 3018 1315 3065 ³

174 3132 319 3213 pelletur
342 3149 415 3195 mco
443 3133 623 3213 columbos,
653 3133 776 3214 sencino
797 3131 963 3207 eoicmdoe
996 3146 1099 3210 neque
1127 3147 1192 3196 non
1216 3134 1275 3196 reri

177 3227 277 3292 simile
298 3228 418 3292 ridetur
437 3226 596 3312 περιστερά
617 3231 771 3313 antiquius
794 3247 866 3294 esse
887 3246 978 3311 quam
993 3223 1177 3311 περιστερός,
1199 3229 1275 3311 quod
1306 3276 1315 3305 2

175 3326 354 3390 Athenaeus
376 3328 506 3395 meae.
522 3332 559 3394 A.
580 3331 703 3413 Atticis,
722 3330 876 3394 Lucienus
892 3326 1042 3392 Pseudcs.
1064 3328 1139 3406 §.z
1161 3328 1277 3394 aneetu-
1306 3356 1317 3393 i

1308 3446 1323 3482 -1

244 3552 288 3619 18)
314 3550 352 3605 Ci.
377 3553 514 3607 Hermann.
540 3552 573 3605 ad
596 3550 653 3621 lph.
672 3551 704 3604 Α.
725 3551 784 3608 708.
809 3549 904 3604 Contra
925 3549 1042 3616 regulam
1064 3557 1163 3617 peccat
1186 3568 1275 3618 ιαορο·
1310 3514 1318 3563 Ι

175 3632 269 3686 nitore
292 3637 371 3684 θεοῖο
395 3633 534 3702 Ττγρ6ἰοᾱ.
553 3637 612 3692 610.
636 3640 664 3688 et
688 3634 757 3700 apud
781 3635 854 3702 ipsos
877 3634 978 3687 Atticos
994 3632 1035 3700 μὰ
1052 3631 1090 3682 rui
1108 3633 1183 3692 deni,
1212 3647 1275 3703 quae
1309 3628 1313 3637 ’

175 3724 217 3772 est
233 3719 418 3784 σονίμπτωαος
434 3719 530 3786 γένους
547 3715 578 3767 ἐν
594 3714 714 3783 σχήματι
733 3716 854 3785 Apellen.
872 3718 943 3784 Synt.
959 3718 979 3771 1.
993 3717 1036 3782 21,
1049 3715 1091 3772 58
1110 3715 1200 3769 schol.
1217 3717 1273 3770 Rari.
1308 3690 1315 3727 Ι

175 3802 201 3851 iu
218 3799 321 3855 Tiresnt.
340 3802 400 3856 566.
417 3801 458 3867 μὰ
477 3799 512 3851 ιώ
529 3798 586 3851 θεώ
607 3796 642 3855 ὡς
659 3798 695 3850 ιο)
710 3807 801 3868 χεῖρε,
821 3799 909 3852 οὐκέτι
928 3798 958 3852 δὲ
975 3797 1016 3867 μὰ
1036 3796 1274 3850 terraconensi
1316 3848 1322 3852 ,

173 3881 214 3946 μοὶ
236 3888 297 3932 ταῖν
314 3887 405 3943 θεαῖν,
424 3882 494 3952 quod
515 3884 558 3936 vix
573 3883 700 3938 invenias·
743 3882 797 3937 Sed
814 3887 874 3933 τοῖν
890 3882 999 3934 πολέων
1016 3879 1091 3936 affert
1106 3881 1197 3936 801101.
1216 3881 1271 3935 Eur.

174 3963 238 4020 Hcc.
265 3964 323 4020 367.
350 3971 409 4016 τοῖν
431 3971 529 4033 χεροῖν
556 3964 617 4018 Sch.
646 3965 753 4021 Lucian.
778 3965 811 4021 de
833 3965 896 4020 Salt.
923 3966 948 4028 ς.
969 3966 995 4021 5.
1024 3977 1076 4019 nec
1102 3964 1199 4020 desunt
1226 3963 1273 4016 alia
1314 3963 1319 3966 ’

173 4061 197 4098 ν.
215 4046 340 4102 diarrhiae
358 4048 469 4103 Gramm.
488 4047 513 4109 §.
526 4048 569 4104 00.
587 4047 656 4103 Adn.
670 4052 696 4107 6.
715 4048 739 4111 1.
754 4048 813 4107 281.
836 4056 864 4104 et
879 4049 938 4106 436.
960 4051 1005 4118 qui
1022 4048 1111 4103 omisit
1122 4047 1205 4102 παῖδ’
1221 4044 1273 4115 ἐμώ
1312 4087 1315 4095 .

174 4130 267 4198 utilius)
287 4129 348 4184 Eur.
367 4130 458 4197 Suppi.
479 4130 535 4187 110.
