<?xml version="1.0" encoding="UTF-8"?>
<!DOCTYPE html PUBLIC "-//W3C//DTD XHTML 1.0 Transitional//EN"
    "http://www.w3.org/TR/xhtml1/DTD/xhtml1-transitional.dtd">
<html xmlns="http://www.w3.org/1999/xhtml" xml:lang="en" lang="en">
 <head>
  <title>
</title>
<meta http-equiv="Content-Type" content="text/html;charset=utf-8" />
  <meta name='ocr-system' content='tesseract 3.04.00' />
  <meta name='ocr-capabilities' content='ocr_page ocr_carea ocr_par ocr_line ocrx_word'/>
</head>
<body>
  <div class='ocr_page' id='page_1' title='image "./pathologiaeserm00lobegoog_0424.png"; bbox 0 0 2648 4756; ppageno 0'>
   <div class='ocr_carea' id='block_1_1' title="bbox 54 335 1175 436">
    <p class='ocr_par' dir='ltr' id='par_1_1' title="bbox 54 335 1175 436">
     <span class='ocr_line' id='line_1_1' title="bbox 54 335 1175 436; baseline 0.01 -17"><span class='ocrx_word' id='word_1_1' title='bbox 54 335 62 345; x_wconf 88' lang='lat'>&#39;</span> <span class='ocrx_word' id='word_1_2' title='bbox 178 354 231 421; x_wconf 85' lang='lat' dir='ltr'><strong>uu</strong></span> <span class='ocrx_word' id='word_1_3' title='bbox 253 352 352 420; x_wconf 77' lang='lat' dir='ltr'><strong>reu.</strong></span> <span class='ocrx_word' id='word_1_4' title='bbox 368 349 892 431; x_wconf 78' lang='lat' dir='ltr'><strong>auoueucrrarassrsruua</strong></span> <span class='ocrx_word' id='word_1_5' title='bbox 915 358 982 425; x_wconf 84' lang='lat' dir='ltr'><strong>ur.</strong></span> <span class='ocrx_word' id='word_1_6' title='bbox 998 362 1069 436; x_wconf 71' lang='lat' dir='ltr'><strong>aa.</strong></span> <span class='ocrx_word' id='word_1_7' title='bbox 1110 363 1175 432; x_wconf 79' lang='lat' dir='ltr'><strong>rra</strong></span> 
     </span>
    </p>
   </div>
   <div class='ocr_carea' id='block_1_2' title="bbox 54 516 1174 3445">
    <p class='ocr_par' dir='ltr' id='par_1_2' title="bbox 54 516 1174 3445">
     <span class='ocr_line' id='line_1_2' title="bbox 69 516 1174 601; baseline -0.004 -19"><span class='ocrx_word' id='word_1_8' title='bbox 69 536 138 585; x_wconf 86' lang='lat' dir='ltr'><strong>vum</strong></span> <span class='ocrx_word' id='word_1_9' title='bbox 161 536 234 584; x_wconf 91' lang='lat' dir='ltr'><strong>esse</strong></span> <span class='ocrx_word' id='word_1_10' title='bbox 260 516 381 581; x_wconf 85' lang='lat' dir='ltr'><strong>ridetur</strong></span> <span class='ocrx_word' id='word_1_11' title='bbox 401 534 420 580; x_wconf 87' lang='lat' dir='ltr'><strong>a</strong></span> <span class='ocrx_word' id='word_1_12' title='bbox 439 516 527 598; x_wconf 78' lang='grc' dir='ltr'><strong><em>φῦσα</em></strong></span> <span class='ocrx_word' id='word_1_13' title='bbox 547 516 762 601; x_wconf 76' lang='lat' dir='ltr'><strong>compositum,</strong></span> <span class='ocrx_word' id='word_1_14' title='bbox 783 535 958 601; x_wconf 80' lang='lat' dir='ltr'><strong>quanquam</strong></span> <span class='ocrx_word' id='word_1_15' title='bbox 968 524 1089 590; x_wconf 73' lang='lat' dir='ltr'><strong>maltam</strong></span> <span class='ocrx_word' id='word_1_16' title='bbox 1102 528 1174 592; x_wconf 72' lang='lat' dir='ltr'><strong>sym.</strong></span> 
     </span>
     <span class='ocr_line' id='line_1_3' title="bbox 67 610 1172 707; baseline 0.005 -26"><span class='ocrx_word' id='word_1_17' title='bbox 67 619 158 699; x_wconf 81' lang='lat' dir='ltr'><strong>plex3</strong></span> <span class='ocrx_word' id='word_1_18' title='bbox 186 623 217 681; x_wconf 90' lang='lat' dir='ltr'><strong>et</strong></span> <span class='ocrx_word' id='word_1_19' title='bbox 238 616 345 679; x_wconf 87' lang='lat' dir='ltr'><strong>mirum</strong></span> <span class='ocrx_word' id='word_1_20' title='bbox 373 621 420 678; x_wconf 88' lang='lat' dir='ltr'><strong>est</strong></span> <span class='ocrx_word' id='word_1_21' title='bbox 448 615 609 695; x_wconf 87' lang='lat' dir='ltr'><strong>praeteriri</strong></span> <span class='ocrx_word' id='word_1_22' title='bbox 629 615 823 680; x_wconf 86' lang='lat' dir='ltr'><strong>notissimum</strong></span> <span class='ocrx_word' id='word_1_23' title='bbox 840 610 993 700; x_wconf 74' lang='grc' dir='ltr'><em>Ἰάλυσος,</em></span> <span class='ocrx_word' id='word_1_24' title='bbox 1025 640 1082 705; x_wconf 89' lang='lat' dir='ltr'><strong>pro</strong></span> <span class='ocrx_word' id='word_1_25' title='bbox 1111 642 1172 707; x_wconf 85' lang='lat' dir='ltr'><strong>que</strong></span> 
     </span>
     <span class='ocr_line' id='line_1_4' title="bbox 65 707 1172 800; baseline 0.007 -20"><span class='ocrx_word' id='word_1_26' title='bbox 65 725 102 780; x_wconf 90' lang='lat' dir='ltr'><strong>ut</strong></span> <span class='ocrx_word' id='word_1_27' title='bbox 123 718 156 778; x_wconf 88' lang='lat' dir='ltr'><strong>in</strong></span> <span class='ocrx_word' id='word_1_28' title='bbox 179 714 283 779; x_wconf 83' lang='lat' dir='ltr'><strong>schol.</strong></span> <span class='ocrx_word' id='word_1_29' title='bbox 305 712 431 775; x_wconf 83' lang='lat' dir='ltr'><strong>Theoer.</strong></span> <span class='ocrx_word' id='word_1_30' title='bbox 452 711 541 775; x_wconf 84' lang='lat' dir='ltr'><strong>xvlt.</strong></span> <span class='ocrx_word' id='word_1_31' title='bbox 562 710 612 777; x_wconf 87' lang='grc'><strong>69.</strong></span> <span class='ocrx_word' id='word_1_32' title='bbox 624 707 757 787; x_wconf 56' lang='lat' dir='ltr'><strong>&#39;aveas</strong></span> <span class='ocrx_word' id='word_1_33' title='bbox 777 718 942 800; x_wconf 80' lang='lat' dir='ltr'><strong>suecessit,</strong></span> <span class='ocrx_word' id='word_1_34' title='bbox 963 720 1010 782; x_wconf 87' lang='lat' dir='ltr'><strong>sie</strong></span> <span class='ocrx_word' id='word_1_35' title='bbox 1027 721 1172 788; x_wconf 83' lang='lat' dir='ltr'><strong>ieelece</strong></span> 
     </span>
     <span class='ocr_line' id='line_1_5' title="bbox 67 802 1172 892; baseline 0.007 -14"><span class='ocrx_word' id='word_1_36' title='bbox 67 816 208 878; x_wconf 82' lang='lat' dir='ltr'><strong>tortasse</strong></span> <span class='ocrx_word' id='word_1_37' title='bbox 228 809 350 890; x_wconf 74' lang='grc' dir='ltr'><strong>ἄρυσος.</strong></span> <span class='ocrx_word' id='word_1_38' title='bbox 394 802 552 883; x_wconf 60' lang='lat' dir='ltr'><strong>[tvvm</strong></span> <span class='ocrx_word' id='word_1_39' title='bbox 579 825 643 873; x_wconf 89' lang='lat' dir='ltr'><strong>uer</strong></span> <span class='ocrx_word' id='word_1_40' title='bbox 671 809 777 874; x_wconf 87' lang='lat' dir='ltr'><strong>dubito</strong></span> <span class='ocrx_word' id='word_1_41' title='bbox 804 813 877 892; x_wconf 83' lang='lat' dir='ltr'><strong>quir</strong></span> <span class='ocrx_word' id='word_1_42' title='bbox 904 815 947 878; x_wconf 90' lang='lat' dir='ltr'><strong>sit</strong></span> <span class='ocrx_word' id='word_1_43' title='bbox 972 817 1172 886; x_wconf 81' lang='lat' dir='ltr'><strong>Macedoniae</strong></span> 
     </span>
     <span class='ocr_line' id='line_1_6' title="bbox 68 905 1173 989; baseline 0.008 -15"><span class='ocrx_word' id='word_1_44' title='bbox 68 913 235 987; x_wconf 80' lang='lat' dir='ltr'><strong>Genusus,</strong></span> <span class='ocrx_word' id='word_1_45' title='bbox 264 911 334 973; x_wconf 87' lang='lat' dir='ltr'><strong>lieet</strong></span> <span class='ocrx_word' id='word_1_46' title='bbox 361 905 491 971; x_wconf 79' lang='lat' dir='ltr'><strong>mediam</strong></span> <span class='ocrx_word' id='word_1_47' title='bbox 514 908 660 989; x_wconf 78' lang='lat' dir='ltr'><strong>corripiat</strong></span> <span class='ocrx_word' id='word_1_48' title='bbox 680 909 823 973; x_wconf 86' lang='lat' dir='ltr'><strong>Lueauus</strong></span> <span class='ocrx_word' id='word_1_49' title='bbox 846 911 879 975; x_wconf 87' lang='lat' dir='ltr'><strong>V.</strong></span> <span class='ocrx_word' id='word_1_50' title='bbox 900 911 971 979; x_wconf 80' lang='lat'><strong>562.</strong></span> <span class='ocrx_word' id='word_1_51' title='bbox 1006 915 1173 985; x_wconf 81' lang='lat' dir='ltr'><strong>eousouaa</strong></span> 
     </span>
     <span class='ocr_line' id='line_1_7' title="bbox 63 1004 1173 1089; baseline 0.008 -18"><span class='ocrx_word' id='word_1_52' title='bbox 63 1011 238 1089; x_wconf 84' lang='lat' dir='ltr'><strong>geminatae</strong></span> <span class='ocrx_word' id='word_1_53' title='bbox 267 1004 437 1084; x_wconf 81' lang='lat' dir='ltr'><strong>exemplum</strong></span> <span class='ocrx_word' id='word_1_54' title='bbox 464 1005 496 1068; x_wconf 89' lang='lat' dir='ltr'><strong>iu</strong></span> <span class='ocrx_word' id='word_1_55' title='bbox 524 1005 573 1069; x_wconf 88' lang='lat' dir='ltr'><strong>tris</strong></span> <span class='ocrx_word' id='word_1_56' title='bbox 598 1005 714 1070; x_wconf 84' lang='lat' dir='ltr'><strong>uultum</strong></span> <span class='ocrx_word' id='word_1_57' title='bbox 744 1008 879 1072; x_wconf 86' lang='lat' dir='ltr'><strong>eeruitur</strong></span> <span class='ocrx_word' id='word_1_58' title='bbox 905 1009 961 1073; x_wconf 85' lang='lat' dir='ltr'><strong>sed</strong></span> <span class='ocrx_word' id='word_1_59' title='bbox 989 1013 1077 1076; x_wconf 84' lang='lat' dir='ltr'><strong>uerit</strong></span> <span class='ocrx_word' id='word_1_60' title='bbox 1104 1017 1173 1082; x_wconf 86' lang='lat' dir='ltr'><strong>siue</strong></span> 
     </span>
     <span class='ocr_line' id='line_1_8' title="bbox 65 1090 1172 1198; baseline 0.005 -27"><span class='ocrx_word' id='word_1_61' title='bbox 65 1107 159 1171; x_wconf 84' lang='lat' dir='ltr'><strong>dubio</strong></span> <span class='ocrx_word' id='word_1_62' title='bbox 182 1105 256 1169; x_wconf 86' lang='lat' dir='ltr'><strong>talia</strong></span> <span class='ocrx_word' id='word_1_63' title='bbox 275 1103 429 1170; x_wconf 78' lang='lat' dir='ltr'><strong>Arcadius</strong></span> <span class='ocrx_word' id='word_1_64' title='bbox 450 1119 479 1183; x_wconf 85' lang='lat' dir='ltr'><strong>p.</strong></span> <span class='ocrx_word' id='word_1_65' title='bbox 501 1102 550 1168; x_wconf 62' lang='lat'><strong>7&amp;</strong></span> <span class='ocrx_word' id='word_1_66' title='bbox 570 1096 610 1166; x_wconf 77' lang='grc' dir='ltr'><strong>τὰ</strong></span> <span class='ocrx_word' id='word_1_67' title='bbox 629 1103 672 1178; x_wconf 74' lang='grc' dir='ltr'><strong>εἰς</strong></span> <span class='ocrx_word' id='word_1_68' title='bbox 691 1102 752 1169; x_wconf 74' lang='grc' dir='ltr'><strong>δύο</strong></span> <span class='ocrx_word' id='word_1_69' title='bbox 771 1090 819 1167; x_wconf 80' lang='grc' dir='ltr'><em>σ“σ“</em></span> <span class='ocrx_word' id='word_1_70' title='bbox 831 1103 1069 1190; x_wconf 77' lang='grc' dir='ltr'><strong>παραληγόμενα</strong></span> <span class='ocrx_word' id='word_1_71' title='bbox 1087 1112 1172 1198; x_wconf 69' lang='lat' dir='ltr'><strong>saie</strong></span> 
     </span>
     <span class='ocr_line' id='line_1_9' title="bbox 66 1195 1172 1290; baseline -0.002 -5"><span class='ocrx_word' id='word_1_72' title='bbox 66 1199 348 1285; x_wconf 67' lang='grc' dir='ltr'><strong>προπαροξύνεται,</strong></span> <span class='ocrx_word' id='word_1_73' title='bbox 368 1195 539 1282; x_wconf 54' lang='lat' dir='ltr'><strong>moa,</strong></span> <span class='ocrx_word' id='word_1_74' title='bbox 559 1195 745 1284; x_wconf 65' lang='lat' dir='ltr'><strong>rieures,</strong></span> <span class='ocrx_word' id='word_1_75' title='bbox 767 1198 956 1283; x_wconf 73' lang='grc' dir='ltr'><strong><em>Διόνυσσοε,</em></strong></span> <span class='ocrx_word' id='word_1_76' title='bbox 979 1224 1059 1287; x_wconf 79' lang='lat' dir='ltr'><strong>quae</strong></span> <span class='ocrx_word' id='word_1_77' title='bbox 1079 1226 1172 1290; x_wconf 82' lang='lat' dir='ltr'><strong>uuum</strong></span> 
     </span>
     <span class='ocr_line' id='line_1_10' title="bbox 66 1300 1172 1396; baseline 0.005 -29"><span class='ocrx_word' id='word_1_78' title='bbox 66 1308 191 1368; x_wconf 87' lang='lat' dir='ltr'><strong>constet</strong></span> <span class='ocrx_word' id='word_1_79' title='bbox 211 1303 310 1382; x_wconf 88' lang='lat' dir='ltr'><strong>sigma</strong></span> <span class='ocrx_word' id='word_1_80' title='bbox 328 1300 459 1396; x_wconf 46' lang='lat' dir='ltr'><strong>&amp;apter</strong></span> <span class='ocrx_word' id='word_1_81' title='bbox 477 1300 603 1382; x_wconf 88' lang='lat' dir='ltr'><strong>habere,</strong></span> <span class='ocrx_word' id='word_1_82' title='bbox 622 1300 814 1365; x_wconf 85' lang='lat' dir='ltr'><strong>statuendum</strong></span> <span class='ocrx_word' id='word_1_83' title='bbox 832 1308 881 1365; x_wconf 89' lang='lat' dir='ltr'><strong>est</strong></span> <span class='ocrx_word' id='word_1_84' title='bbox 895 1303 1049 1370; x_wconf 75' lang='lat' dir='ltr'><strong>excidisse</strong></span> <span class='ocrx_word' id='word_1_85' title='bbox 1064 1324 1172 1373; x_wconf 83' lang='lat' dir='ltr'><strong>exem-</strong></span> 
     </span>
     <span class='ocr_line' id='line_1_11' title="bbox 65 1395 1170 1484; baseline 0.008 -21"><span class='ocrx_word' id='word_1_86' title='bbox 65 1400 121 1482; x_wconf 87' lang='lat' dir='ltr'><strong>pla</strong></span> <span class='ocrx_word' id='word_1_87' title='bbox 132 1401 196 1464; x_wconf 80' lang='grc' dir='ltr'><strong>τῶν</strong></span> <span class='ocrx_word' id='word_1_88' title='bbox 208 1400 251 1474; x_wconf 71' lang='grc' dir='ltr'><strong>εἰς</strong></span> <span class='ocrx_word' id='word_1_89' title='bbox 264 1395 326 1464; x_wconf 76' lang='lat' dir='ltr'><strong>ev&#39;o</strong></span> <span class='ocrx_word' id='word_1_90' title='bbox 338 1413 377 1462; x_wconf 85' lang='grc' dir='ltr'><strong>σσ</strong></span> <span class='ocrx_word' id='word_1_91' title='bbox 389 1402 423 1460; x_wconf 92' lang='lat' dir='ltr'><strong>ut</strong></span> <span class='ocrx_word' id='word_1_92' title='bbox 432 1396 587 1479; x_wconf 69' lang='grc' dir='ltr'><strong>Αίβυσσος</strong></span> <span class='ocrx_word' id='word_1_93' title='bbox 597 1397 758 1478; x_wconf 72' lang='lat' dir='ltr'><strong>Bithyniae</strong></span> <span class='ocrx_word' id='word_1_94' title='bbox 771 1398 881 1463; x_wconf 80' lang='lat' dir='ltr'><strong>fluvius</strong></span> <span class='ocrx_word' id='word_1_95' title='bbox 895 1401 1026 1482; x_wconf 77' lang='lat' dir='ltr'><strong>Appiae.</strong></span> <span class='ocrx_word' id='word_1_96' title='bbox 1042 1405 1111 1484; x_wconf 91' lang='lat' dir='ltr'><strong>Syr.</strong></span> <span class='ocrx_word' id='word_1_97' title='bbox 1120 1406 1170 1472; x_wconf 80' lang='lat' dir='ltr'><strong>XL</strong></span> 
     </span>
     <span class='ocr_line' id='line_1_12' title="bbox 55 1494 1170 1583; baseline 0.002 -21"><span class='ocrx_word' id='word_1_98' title='bbox 55 1501 214 1573; x_wconf 77' lang='lat' dir='ltr'><strong>”Atvaooe</strong></span> <span class='ocrx_word' id='word_1_99' title='bbox 225 1499 296 1563; x_wconf 85' lang='lat' dir='ltr'><strong>teus</strong></span> <span class='ocrx_word' id='word_1_100' title='bbox 310 1494 462 1560; x_wconf 79' lang='lat' dir='ltr'><strong>Arcadiae</strong></span> <span class='ocrx_word' id='word_1_101' title='bbox 468 1495 559 1559; x_wconf 89' lang='lat' dir='ltr'><strong>Paus.</strong></span> <span class='ocrx_word' id='word_1_102' title='bbox 568 1510 636 1558; x_wconf 85' lang='lat' dir='ltr'><strong>cum</strong></span> <span class='ocrx_word' id='word_1_103' title='bbox 647 1512 685 1560; x_wconf 89' lang='lat' dir='ltr'><strong>ea</strong></span> <span class='ocrx_word' id='word_1_104' title='bbox 696 1503 784 1576; x_wconf 84' lang='lat' dir='ltr'><strong>parte</strong></span> <span class='ocrx_word' id='word_1_105' title='bbox 794 1498 930 1580; x_wconf 87' lang='lat' dir='ltr'><strong>regulae,</strong></span> <span class='ocrx_word' id='word_1_106' title='bbox 941 1498 980 1563; x_wconf 86' lang='lat' dir='ltr'><strong>ad</strong></span> <span class='ocrx_word' id='word_1_107' title='bbox 990 1516 1080 1581; x_wconf 85' lang='lat' dir='ltr'><strong>guam</strong></span> <span class='ocrx_word' id='word_1_108' title='bbox 1090 1518 1170 1583; x_wconf 79' lang='lat' dir='ltr'><strong>quae</strong></span> 
     </span>
     <span class='ocr_line' id='line_1_13' title="bbox 65 1593 1171 1675; baseline 0.005 -16"><span class='ocrx_word' id='word_1_109' title='bbox 65 1602 193 1660; x_wconf 84' lang='lat' dir='ltr'><strong>serrata</strong></span> <span class='ocrx_word' id='word_1_110' title='bbox 211 1601 283 1660; x_wconf 87' lang='lat' dir='ltr'><strong>sunt</strong></span> <span class='ocrx_word' id='word_1_111' title='bbox 310 1595 471 1675; x_wconf 85' lang='lat' dir='ltr'><strong>pertinent.</strong></span> <span class='ocrx_word' id='word_1_112' title='bbox 506 1593 585 1656; x_wconf 88' lang='lat' dir='ltr'><strong>Sunt</strong></span> <span class='ocrx_word' id='word_1_113' title='bbox 603 1600 705 1658; x_wconf 89' lang='lat' dir='ltr'><strong>autem</strong></span> <span class='ocrx_word' id='word_1_114' title='bbox 725 1594 819 1657; x_wconf 90' lang='lat' dir='ltr'><strong>multa</strong></span> <span class='ocrx_word' id='word_1_115' title='bbox 840 1595 879 1657; x_wconf 89' lang='lat' dir='ltr'><strong>ab</strong></span> <span class='ocrx_word' id='word_1_116' title='bbox 899 1602 1033 1675; x_wconf 82' lang='lat' dir='ltr'><strong>utroque</strong></span> <span class='ocrx_word' id='word_1_117' title='bbox 1054 1599 1171 1665; x_wconf 86' lang='lat' dir='ltr'><strong>emissa</strong></span> 
     </span>
     <span class='ocr_line' id='line_1_14' title="bbox 54 1686 1170 1776; baseline 0.004 -20"><span class='ocrx_word' id='word_1_118' title='bbox 54 1689 192 1776; x_wconf 72' lang='grc' dir='ltr'><em>Ἒβυσος</em></span> <span class='ocrx_word' id='word_1_119' title='bbox 203 1693 307 1757; x_wconf 85' lang='lat' dir='ltr'><strong>insula</strong></span> <span class='ocrx_word' id='word_1_120' title='bbox 320 1709 399 1773; x_wconf 83' lang='lat' dir='ltr'><strong>quae</strong></span> <span class='ocrx_word' id='word_1_121' title='bbox 414 1686 892 1774; x_wconf 69' lang='grc' dir='ltr'><em>οῑ”Εβεσος,Ἐβοσος,Ἕβουσος</em></span> <span class='ocrx_word' id='word_1_122' title='bbox 905 1691 1016 1756; x_wconf 83' lang='lat' dir='ltr'><strong>dieitur</strong></span> <span class='ocrx_word' id='word_1_123' title='bbox 1029 1701 1060 1758; x_wconf 87' lang='lat' dir='ltr'><strong>et</strong></span> <span class='ocrx_word' id='word_1_124' title='bbox 1074 1695 1170 1762; x_wconf 88' lang='lat' dir='ltr'><strong>lutire</strong></span> 
     </span>
     <span class='ocr_line' id='line_1_15' title="bbox 62 1788 1169 1875; baseline 0.002 -18"><span class='ocrx_word' id='word_1_125' title='bbox 62 1792 190 1857; x_wconf 88' lang='lat' dir='ltr'><strong>Ebusus</strong></span> <span class='ocrx_word' id='word_1_126' title='bbox 215 1791 316 1855; x_wconf 87' lang='lat' dir='ltr'><strong>madia</strong></span> <span class='ocrx_word' id='word_1_127' title='bbox 341 1788 434 1853; x_wconf 85' lang='lat' dir='ltr'><strong>mode</strong></span> <span class='ocrx_word' id='word_1_128' title='bbox 462 1788 614 1868; x_wconf 85' lang='lat' dir='ltr'><strong>produeta</strong></span> <span class='ocrx_word' id='word_1_129' title='bbox 639 1788 732 1853; x_wconf 84' lang='lat' dir='ltr'><strong>mede</strong></span> <span class='ocrx_word' id='word_1_130' title='bbox 760 1796 904 1872; x_wconf 81' lang='lat' dir='ltr'><strong>surrepta</strong></span> <span class='ocrx_word' id='word_1_131' title='bbox 930 1791 1169 1875; x_wconf 85' lang='lat' dir='ltr'><strong>r.1uterpr.ad</strong></span> 
     </span>
     <span class='ocr_line' id='line_1_16' title="bbox 65 1882 1171 1971; baseline -0.004 -16"><span class='ocrx_word' id='word_1_132' title='bbox 65 1890 120 1955; x_wconf 82' lang='lat' dir='ltr'><strong>Sit</strong></span> <span class='ocrx_word' id='word_1_133' title='bbox 141 1890 191 1954; x_wconf 81' lang='lat' dir='ltr'><strong>lit</strong></span> <span class='ocrx_word' id='word_1_134' title='bbox 213 1889 283 1954; x_wconf 77' lang='lat'><strong>362</strong></span> <span class='ocrx_word' id='word_1_135' title='bbox 304 1884 472 1953; x_wconf 83' lang='lat' dir='ltr'><strong>Bernhard.</strong></span> <span class='ocrx_word' id='word_1_136' title='bbox 488 1886 527 1951; x_wconf 85' lang='lat' dir='ltr'><strong>ad</strong></span> <span class='ocrx_word' id='word_1_137' title='bbox 545 1887 635 1951; x_wconf 78' lang='lat' dir='ltr'><strong>Dior</strong></span> <span class='ocrx_word' id='word_1_138' title='bbox 649 1887 720 1953; x_wconf 78' lang='lat'><strong>457.</strong></span> <span class='ocrx_word' id='word_1_139' title='bbox 732 1882 889 1970; x_wconf 69' lang='grc' dir='ltr'><em>Ὀργυσος</em></span> <span class='ocrx_word' id='word_1_140' title='bbox 909 1884 1171 1971; x_wconf 70' lang='grc' dir='ltr'><strong>εἰνοὍργυσσον</strong></span> 
     </span>
     <span class='ocr_line' id='line_1_17' title="bbox 63 1984 1169 2069; baseline 0.002 -16"><span class='ocrx_word' id='word_1_141' title='bbox 63 1989 174 2068; x_wconf 85' lang='lat' dir='ltr'><strong>Polyb.</strong></span> <span class='ocrx_word' id='word_1_142' title='bbox 201 1988 236 2052; x_wconf 78' lang='lat' dir='ltr'><strong>V.</strong></span> <span class='ocrx_word' id='word_1_143' title='bbox 259 1985 329 2069; x_wconf 82' lang='lat'><strong>108,</strong></span> <span class='ocrx_word' id='word_1_144' title='bbox 348 1986 378 2050; x_wconf 84' lang='lat'><strong>8.</strong></span> <span class='ocrx_word' id='word_1_145' title='bbox 408 1985 568 2050; x_wconf 78' lang='lat' dir='ltr'><strong>castellum</strong></span> <span class='ocrx_word' id='word_1_146' title='bbox 596 1985 796 2050; x_wconf 82' lang='lat' dir='ltr'><strong>Macedoniae</strong></span> <span class='ocrx_word' id='word_1_147' title='bbox 825 1984 909 2066; x_wconf 86' lang='lat' dir='ltr'><strong>quod</strong></span> <span class='ocrx_word' id='word_1_148' title='bbox 935 1987 1121 2068; x_wconf 85' lang='lat' dir='ltr'><strong>interpretes</strong></span> <span class='ocrx_word' id='word_1_149' title='bbox 1149 2006 1169 2055; x_wconf 84' lang='lat' dir='ltr'><strong>a</strong></span> 
     </span>
     <span class='ocr_line' id='line_1_18' title="bbox 62 2081 1167 2166; baseline -0.004 -15"><span class='ocrx_word' id='word_1_150' title='bbox 62 2088 151 2151; x_wconf 88' lang='lat' dir='ltr'><strong>Lirio</strong></span> <span class='ocrx_word' id='word_1_151' title='bbox 175 2085 343 2166; x_wconf 86' lang='lat' dir='ltr'><strong>Orgessum</strong></span> <span class='ocrx_word' id='word_1_152' title='bbox 364 2081 425 2146; x_wconf 85' lang='lat' dir='ltr'><strong>diei</strong></span> <span class='ocrx_word' id='word_1_153' title='bbox 445 2089 563 2165; x_wconf 87' lang='lat' dir='ltr'><strong>putant,</strong></span> <span class='ocrx_word' id='word_1_154' title='bbox 583 2082 727 2147; x_wconf 76' lang='lat' dir='ltr'><strong>Valesius</strong></span> <span class='ocrx_word' id='word_1_155' title='bbox 742 2088 843 2146; x_wconf 87' lang='lat' dir='ltr'><strong>autem</strong></span> <span class='ocrx_word' id='word_1_156' title='bbox 859 2082 897 2145; x_wconf 88' lang='lat' dir='ltr'><strong>ad</strong></span> <span class='ocrx_word' id='word_1_157' title='bbox 912 2083 1167 2166; x_wconf 81' lang='lat' dir='ltr'><strong>Harpoer.p.‘16.</strong></span> 
     </span>
     <span class='ocr_line' id='line_1_19' title="bbox 62 2174 1167 2265; baseline -0.003 -16"><span class='ocrx_word' id='word_1_158' title='bbox 62 2185 147 2249; x_wconf 85' lang='lat' dir='ltr'><strong>hune</strong></span> <span class='ocrx_word' id='word_1_159' title='bbox 170 2178 333 2265; x_wconf 70' lang='grc' dir='ltr'><strong>Ἐργίσκην</strong></span> <span class='ocrx_word' id='word_1_160' title='bbox 360 2181 533 2261; x_wconf 76' lang='lat' dir='ltr'><strong>siguificare</strong></span> <span class='ocrx_word' id='word_1_161' title='bbox 554 2180 700 2261; x_wconf 80' lang='lat' dir='ltr'><strong>affirmat,</strong></span> <span class='ocrx_word' id='word_1_162' title='bbox 729 2174 868 2263; x_wconf 66' lang='grc' dir='ltr'><strong><em>Ἰήτωσος</em></strong></span> <span class='ocrx_word' id='word_1_163' title='bbox 890 2181 998 2259; x_wconf 89' lang='lat' dir='ltr'><strong>Syriae</strong></span> <span class='ocrx_word' id='word_1_164' title='bbox 1022 2180 1167 2263; x_wconf 83' lang='lat' dir='ltr'><strong>oppidum</strong></span> 
     </span>
     <span class='ocr_line' id='line_1_20' title="bbox 61 2274 1169 2359; baseline -0.004 -12"><span class='ocrx_word' id='word_1_165' title='bbox 61 2282 178 2347; x_wconf 87' lang='lat' dir='ltr'><strong>Herod.</strong></span> <span class='ocrx_word' id='word_1_166' title='bbox 190 2277 331 2353; x_wconf 75' lang='grc' dir='ltr'><strong><em>Ἀνωος</em></strong></span> <span class='ocrx_word' id='word_1_167' title='bbox 351 2277 497 2343; x_wconf 86' lang='lat' dir='ltr'><strong>Sidonius</strong></span> <span class='ocrx_word' id='word_1_168' title='bbox 518 2276 630 2341; x_wconf 83' lang='lat' dir='ltr'><strong>Herod.</strong></span> <span class='ocrx_word' id='word_1_169' title='bbox 653 2278 713 2341; x_wconf 82' lang='lat' dir='ltr'><strong>vlt.</strong></span> <span class='ocrx_word' id='word_1_170' title='bbox 735 2277 784 2342; x_wconf 79' lang='lat'><strong>97.</strong></span> <span class='ocrx_word' id='word_1_171' title='bbox 807 2274 957 2358; x_wconf 78' lang='grc' dir='ltr'><em>Δάμυσος</em></span> <span class='ocrx_word' id='word_1_172' title='bbox 983 2278 1071 2359; x_wconf 80' lang='lat' dir='ltr'><strong>gigas</strong></span> <span class='ocrx_word' id='word_1_173' title='bbox 1097 2279 1169 2343; x_wconf 86' lang='lat' dir='ltr'><strong>Pte·</strong></span> 
     </span>
     <span class='ocr_line' id='line_1_21' title="bbox 61 2373 1167 2460; baseline -0.002 -16"><span class='ocrx_word' id='word_1_174' title='bbox 61 2381 134 2444; x_wconf 87' lang='lat' dir='ltr'><strong>lem.</strong></span> <span class='ocrx_word' id='word_1_175' title='bbox 154 2379 251 2460; x_wconf 78' lang='lat' dir='ltr'><strong>fleple</strong></span> <span class='ocrx_word' id='word_1_176' title='bbox 269 2374 430 2457; x_wconf 79' lang='grc' dir='ltr'><strong><em>Ἀρδυσος</em></strong></span> <span class='ocrx_word' id='word_1_177' title='bbox 456 2392 511 2438; x_wconf 82' lang='lat' dir='ltr'><strong>rex</strong></span> <span class='ocrx_word' id='word_1_178' title='bbox 538 2373 690 2454; x_wconf 82' lang='lat' dir='ltr'><strong>Lydorum</strong></span> <span class='ocrx_word' id='word_1_179' title='bbox 720 2374 829 2455; x_wconf 85' lang='lat' dir='ltr'><strong>Georg.</strong></span> <span class='ocrx_word' id='word_1_180' title='bbox 858 2378 949 2455; x_wconf 85' lang='lat' dir='ltr'><strong>Syre.</strong></span> <span class='ocrx_word' id='word_1_181' title='bbox 978 2395 1007 2459; x_wconf 87' lang='lat' dir='ltr'><strong>p.</strong></span> <span class='ocrx_word' id='word_1_182' title='bbox 1035 2375 1104 2442; x_wconf 81' lang='lat'><strong>239.</strong></span> <span class='ocrx_word' id='word_1_183' title='bbox 1131 2377 1167 2442; x_wconf 81' lang='grc' dir='ltr'><strong>Ι).</strong></span> 
     </span>
     <span class='ocr_line' id='line_1_22' title="bbox 63 2469 1168 2560; baseline -0.003 -17"><span class='ocrx_word' id='word_1_184' title='bbox 63 2496 156 2560; x_wconf 82' lang='lat' dir='ltr'><strong>quern</strong></span> <span class='ocrx_word' id='word_1_185' title='bbox 183 2478 292 2542; x_wconf 82' lang='lat' dir='ltr'><strong>Graeci</strong></span> <span class='ocrx_word' id='word_1_186' title='bbox 313 2482 456 2539; x_wconf 77' lang='lat' dir='ltr'><strong>austeres</strong></span> <span class='ocrx_word' id='word_1_187' title='bbox 470 2469 595 2552; x_wconf 75' lang='lat' dir='ltr'><strong>”Aeriam</strong></span> <span class='ocrx_word' id='word_1_188' title='bbox 614 2481 745 2555; x_wconf 83' lang='lat' dir='ltr'><strong>vocant,</strong></span> <span class='ocrx_word' id='word_1_189' title='bbox 773 2471 919 2557; x_wconf 80' lang='grc' dir='ltr'><em>Εὔρυσος</em></span> <span class='ocrx_word' id='word_1_190' title='bbox 945 2474 1168 2558; x_wconf 86' lang='lat' dir='ltr'><strong>Pythagoreus,</strong></span> 
     </span>
     <span class='ocr_line' id='line_1_23' title="bbox 61 2571 1166 2658; baseline -0.002 -18"><span class='ocrx_word' id='word_1_191' title='bbox 61 2594 123 2658; x_wconf 83' lang='lat' dir='ltr'><strong>pru</strong></span> <span class='ocrx_word' id='word_1_192' title='bbox 145 2593 205 2657; x_wconf 83' lang='lat' dir='ltr'><strong>quo</strong></span> <span class='ocrx_word' id='word_1_193' title='bbox 228 2574 343 2638; x_wconf 82' lang='lat' dir='ltr'><strong>rectius</strong></span> <span class='ocrx_word' id='word_1_194' title='bbox 364 2573 496 2651; x_wconf 77' lang='lat' dir='ltr'><strong>Eurytus</strong></span> <span class='ocrx_word' id='word_1_195' title='bbox 518 2571 663 2634; x_wconf 81' lang='lat' dir='ltr'><strong>scribitur</strong></span> <span class='ocrx_word' id='word_1_196' title='bbox 683 2589 712 2636; x_wconf 86' lang='lat' dir='ltr'><strong>v.</strong></span> <span class='ocrx_word' id='word_1_197' title='bbox 733 2573 861 2637; x_wconf 83' lang='lat' dir='ltr'><strong>Heereu.</strong></span> <span class='ocrx_word' id='word_1_198' title='bbox 883 2573 920 2637; x_wconf 90' lang='lat' dir='ltr'><strong>de</strong></span> <span class='ocrx_word' id='word_1_199' title='bbox 937 2574 1055 2638; x_wconf 85' lang='lat' dir='ltr'><strong>Fontib.</strong></span> <span class='ocrx_word' id='word_1_200' title='bbox 1078 2575 1166 2638; x_wconf 88' lang='lat' dir='ltr'><strong>Stob.</strong></span> 
     </span>
     <span class='ocr_line' id='line_1_24' title="bbox 63 2666 1168 2756; baseline -0.003 -17"><span class='ocrx_word' id='word_1_201' title='bbox 63 2691 94 2756; x_wconf 86' lang='lat' dir='ltr'><strong>p.</strong></span> <span class='ocrx_word' id='word_1_202' title='bbox 118 2673 186 2740; x_wconf 73' lang='lat'><strong>107.</strong></span> <span class='ocrx_word' id='word_1_203' title='bbox 203 2666 397 2753; x_wconf 78' lang='grc' dir='ltr'><strong><em>Ἀμφίλυσος</em></strong></span> <span class='ocrx_word' id='word_1_204' title='bbox 422 2669 504 2732; x_wconf 87' lang='lat' dir='ltr'><strong>ssurii</strong></span> <span class='ocrx_word' id='word_1_205' title='bbox 525 2684 638 2732; x_wconf 87' lang='lat' dir='ltr'><strong>nornen</strong></span> <span class='ocrx_word' id='word_1_206' title='bbox 662 2669 797 2752; x_wconf 85' lang='lat' dir='ltr'><strong>Euphor.</strong></span> <span class='ocrx_word' id='word_1_207' title='bbox 817 2672 878 2736; x_wconf 87' lang='lat' dir='ltr'>Vll.</span> <span class='ocrx_word' id='word_1_208' title='bbox 901 2672 949 2736; x_wconf 83' lang='grc'><strong>62.</strong></span> <span class='ocrx_word' id='word_1_209' title='bbox 978 2675 1065 2751; x_wconf 80' lang='lat' dir='ltr'><strong>eujus</strong></span> <span class='ocrx_word' id='word_1_210' title='bbox 1088 2689 1168 2752; x_wconf 85' lang='lat' dir='ltr'><strong>peu-</strong></span> 
     </span>
     <span class='ocr_line' id='line_1_25' title="bbox 62 2766 1167 2853; baseline 0 -19"><span class='ocrx_word' id='word_1_211' title='bbox 62 2772 171 2835; x_wconf 85' lang='lat' dir='ltr'><strong>ultima</strong></span> <span class='ocrx_word' id='word_1_212' title='bbox 198 2771 317 2849; x_wconf 82' lang='lat' dir='ltr'><strong>brevis,</strong></span> <span class='ocrx_word' id='word_1_213' title='bbox 348 2769 434 2847; x_wconf 89' lang='lat' dir='ltr'><strong>origo</strong></span> <span class='ocrx_word' id='word_1_214' title='bbox 463 2770 579 2831; x_wconf 87' lang='lat' dir='ltr'><strong>ineerta</strong></span> <span class='ocrx_word' id='word_1_215' title='bbox 600 2772 657 2831; x_wconf 88' lang='lat' dir='ltr'><strong>est.</strong></span> <span class='ocrx_word' id='word_1_216' title='bbox 699 2769 861 2833; x_wconf 87' lang='lat' dir='ltr'><strong>Postremo</strong></span> <span class='ocrx_word' id='word_1_217' title='bbox 889 2766 1055 2853; x_wconf 84' lang='grc' dir='ltr'><em>Δόρυσσος</em></span> <span class='ocrx_word' id='word_1_218' title='bbox 1074 2771 1167 2853; x_wconf 86' lang='lat' dir='ltr'><strong>Laee,</strong></span> 
     </span>
     <span class='ocr_line' id='line_1_26' title="bbox 63 2856 1167 2952; baseline -0.003 -20"><span class='ocrx_word' id='word_1_219' title='bbox 63 2869 148 2952; x_wconf 84' lang='lat' dir='ltr'><strong>quud</strong></span> <span class='ocrx_word' id='word_1_220' title='bbox 168 2870 318 2932; x_wconf 83' lang='lat' dir='ltr'><strong>incertum</strong></span> <span class='ocrx_word' id='word_1_221' title='bbox 340 2874 439 2930; x_wconf 87' lang='lat' dir='ltr'><strong>utrum</strong></span> <span class='ocrx_word' id='word_1_222' title='bbox 462 2883 518 2946; x_wconf 86' lang='lat' dir='ltr'><strong>pru</strong></span> <span class='ocrx_word' id='word_1_223' title='bbox 540 2859 711 2948; x_wconf 78' lang='grc' dir='ltr'><em>δορυσσόος</em></span> <span class='ocrx_word' id='word_1_224' title='bbox 731 2873 888 2947; x_wconf 77' lang='lat' dir='ltr'><strong>receptum</strong></span> <span class='ocrx_word' id='word_1_225' title='bbox 910 2884 949 2928; x_wconf 89' lang='lat' dir='ltr'><strong>au</strong></span> <span class='ocrx_word' id='word_1_226' title='bbox 971 2886 989 2929; x_wconf 89' lang='lat' dir='ltr'><strong>a</strong></span> <span class='ocrx_word' id='word_1_227' title='bbox 1008 2868 1102 2930; x_wconf 85' lang='lat' dir='ltr'><strong>verbo</strong></span> <span class='ocrx_word' id='word_1_228' title='bbox 1117 2856 1167 2929; x_wconf 77' lang='lat' dir='ltr'><strong>‹ie-</strong></span> 
     </span>
     <span class='ocr_line' id='line_1_27' title="bbox 61 2959 1165 3049; baseline -0.005 -18"><span class='ocrx_word' id='word_1_229' title='bbox 61 2964 172 3048; x_wconf 79' lang='grc' dir='ltr'><em>ρύσσω</em></span> <span class='ocrx_word' id='word_1_230' title='bbox 194 2968 236 3049; x_wconf 85' lang='lat' dir='ltr'><strong>(v.</strong></span> <span class='ocrx_word' id='word_1_231' title='bbox 258 2965 339 3028; x_wconf 84' lang='lat' dir='ltr'><strong>Diss.</strong></span> <span class='ocrx_word' id='word_1_232' title='bbox 364 2963 401 3026; x_wconf 88' lang='lat' dir='ltr'><strong>de</strong></span> <span class='ocrx_word' id='word_1_233' title='bbox 422 2964 520 3043; x_wconf 85' lang='lat' dir='ltr'><strong>verb.)</strong></span> <span class='ocrx_word' id='word_1_234' title='bbox 543 2971 575 3027; x_wconf 92' lang='lat' dir='ltr'><strong>ut</strong></span> <span class='ocrx_word' id='word_1_235' title='bbox 596 2965 634 3026; x_wconf 84' lang='lat' dir='ltr'><strong>ab</strong></span> <span class='ocrx_word' id='word_1_236' title='bbox 656 2959 764 3026; x_wconf 79' lang='lat' dir='ltr'><strong>a‘ttuea</strong></span> <span class='ocrx_word' id='word_1_237' title='bbox 781 2959 922 3036; x_wconf 71' lang='grc' dir='ltr'><strong><em>Ἑλισσός</em></strong></span> <span class='ocrx_word' id='word_1_238' title='bbox 942 2963 1023 3026; x_wconf 85' lang='lat' dir='ltr'><strong>ssuvii</strong></span> <span class='ocrx_word' id='word_1_239' title='bbox 1044 2979 1165 3026; x_wconf 88' lang='lat' dir='ltr'><strong>uumeu.</strong></span> 
     </span>
     <span class='ocr_line' id='line_1_28' title="bbox 61 3054 1166 3143; baseline -0.007 -12"><span class='ocrx_word' id='word_1_240' title='bbox 61 3066 220 3132; x_wconf 83' lang='lat' dir='ltr'><strong>Feminiua</strong></span> <span class='ocrx_word' id='word_1_241' title='bbox 241 3070 312 3127; x_wconf 89' lang='lat' dir='ltr'><strong>suut</strong></span> <span class='ocrx_word' id='word_1_242' title='bbox 333 3058 461 3142; x_wconf 79' lang='grc' dir='ltr'><em>ἅφυσσα</em></span> <span class='ocrx_word' id='word_1_243' title='bbox 481 3055 501 3143; x_wconf 79' lang='grc' dir='ltr'><em>ἡ</em></span> <span class='ocrx_word' id='word_1_244' title='bbox 521 3057 636 3143; x_wconf 75' lang='grc' dir='ltr'><strong><em>κοτύλη</em></strong></span> <span class='ocrx_word' id='word_1_245' title='bbox 653 3062 725 3125; x_wconf 83' lang='lat' dir='ltr'><strong>Hes.</strong></span> <span class='ocrx_word' id='word_1_246' title='bbox 742 3079 759 3123; x_wconf 88' lang='lat' dir='ltr'><strong>a</strong></span> <span class='ocrx_word' id='word_1_247' title='bbox 776 3061 872 3125; x_wconf 85' lang='lat' dir='ltr'><strong>verbo</strong></span> <span class='ocrx_word' id='word_1_248' title='bbox 890 3061 1013 3124; x_wconf 87' lang='lat' dir='ltr'><strong>duetum</strong></span> <span class='ocrx_word' id='word_1_249' title='bbox 1026 3054 1166 3124; x_wconf 79' lang='lat' dir='ltr'><strong>ut‘Ette-</strong></span> 
     </span>
     <span class='ocr_line' id='line_1_29' title="bbox 62 3154 1166 3246; baseline -0.007 -17"><span class='ocrx_word' id='word_1_250' title='bbox 62 3180 132 3229; x_wconf 86' lang='grc' dir='ltr'><strong>σων</strong></span> <span class='ocrx_word' id='word_1_251' title='bbox 163 3158 185 3246; x_wconf 84' lang='grc' dir='ltr'><em>ἢ</em></span> <span class='ocrx_word' id='word_1_252' title='bbox 211 3158 340 3225; x_wconf 73' lang='grc' dir='ltr'><strong><em>Ἐλισσα</em></strong></span> <span class='ocrx_word' id='word_1_253' title='bbox 366 3156 385 3224; x_wconf 86' lang='grc' dir='ltr'><strong>ὁ</strong></span> <span class='ocrx_word' id='word_1_254' title='bbox 411 3157 549 3241; x_wconf 80' lang='grc' dir='ltr'><strong><em>ποταμός</em></strong></span> <span class='ocrx_word' id='word_1_255' title='bbox 578 3160 679 3224; x_wconf 83' lang='lat' dir='ltr'><strong>Strab.</strong></span> <span class='ocrx_word' id='word_1_256' title='bbox 702 3167 732 3224; x_wconf 82' lang='grc' dir='ltr'><strong>θῑ</strong></span> <span class='ocrx_word' id='word_1_257' title='bbox 754 3154 945 3242; x_wconf 76' lang='grc' dir='ltr'><em>ἀμφιέλισσα,</em></span> <span class='ocrx_word' id='word_1_258' title='bbox 975 3176 993 3223; x_wconf 79' lang='lat' dir='ltr'><strong>a</strong></span> <span class='ocrx_word' id='word_1_259' title='bbox 1019 3154 1166 3240; x_wconf 77' lang='grc' dir='ltr'><em>γλαὺσσω</em></span> 
     </span>
     <span class='ocr_line' id='line_1_30' title="bbox 62 3254 1165 3346; baseline -0.005 -19"><span class='ocrx_word' id='word_1_260' title='bbox 62 3256 222 3346; x_wconf 75' lang='grc' dir='ltr'><strong><em>γλαυσσόν</em></strong></span> <span class='ocrx_word' id='word_1_261' title='bbox 241 3255 278 3322; x_wconf 84' lang='grc' dir='ltr'><strong>τὸ</strong></span> <span class='ocrx_word' id='word_1_262' title='bbox 298 3255 439 3341; x_wconf 77' lang='grc' dir='ltr'><strong><em>λαμπρὸν</em></strong></span> <span class='ocrx_word' id='word_1_263' title='bbox 459 3261 531 3322; x_wconf 78' lang='lat' dir='ltr'><strong>Hes,</strong></span> <span class='ocrx_word' id='word_1_264' title='bbox 560 3266 590 3322; x_wconf 82' lang='lat' dir='ltr'><strong>et</strong></span> <span class='ocrx_word' id='word_1_265' title='bbox 616 3255 761 3322; x_wconf 80' lang='grc' dir='ltr'><em>πάνυσσα</em></span> <span class='ocrx_word' id='word_1_266' title='bbox 780 3255 897 3341; x_wconf 79' lang='grc' dir='ltr'><em>τροφός</em></span> <span class='ocrx_word' id='word_1_267' title='bbox 917 3254 1073 3338; x_wconf 64' lang='lat' dir='ltr'><strong>evetiam</strong></span> <span class='ocrx_word' id='word_1_268' title='bbox 1094 3258 1165 3321; x_wconf 78' lang='lat' dir='ltr'><strong>HeS.</strong></span> 
     </span>
     <span class='ocr_line' id='line_1_31' title="bbox 64 3350 1168 3445; baseline -0.008 -19"><span class='ocrx_word' id='word_1_269' title='bbox 64 3360 148 3445; x_wconf 87' lang='lat' dir='ltr'><strong>quod</strong></span> <span class='ocrx_word' id='word_1_270' title='bbox 182 3376 249 3423; x_wconf 88' lang='lat' dir='ltr'><strong>euru</strong></span> <span class='ocrx_word' id='word_1_271' title='bbox 277 3360 375 3441; x_wconf 79' lang='grc' dir='ltr'><strong><em>πῆνος</em></strong></span> <span class='ocrx_word' id='word_1_272' title='bbox 400 3359 514 3441; x_wconf 65' lang='lat' dir='ltr'><strong>aeetae</strong></span> <span class='ocrx_word' id='word_1_273' title='bbox 545 3365 708 3436; x_wconf 83' lang='lat' dir='ltr'><strong>cognatum</strong></span> <span class='ocrx_word' id='word_1_274' title='bbox 735 3358 869 3438; x_wconf 85' lang='lat' dir='ltr'><strong>ridetur,</strong></span> <span class='ocrx_word' id='word_1_275' title='bbox 902 3372 940 3419; x_wconf 84' lang='lat' dir='ltr'><strong>ae</strong></span> <span class='ocrx_word' id='word_1_276' title='bbox 967 3371 1023 3436; x_wconf 87' lang='lat' dir='ltr'><strong>pro</strong></span> <span class='ocrx_word' id='word_1_277' title='bbox 1049 3350 1168 3435; x_wconf 79' lang='grc' dir='ltr'><strong><em>τροφός</em></strong></span> 
     </span>
    </p>
   </div>
   <div class='ocr_carea' id='block_1_3' title="bbox 64 3448 1294 3539">
    <p class='ocr_par' dir='ltr' id='par_1_3' title="bbox 64 3448 1294 3539">
     <span class='ocr_line' id='line_1_32' title="bbox 64 3448 1294 3539; baseline -0.013 -15"><span class='ocrx_word' id='word_1_278' title='bbox 64 3463 204 3525; x_wconf 80' lang='lat' dir='ltr'><strong>tortasse</strong></span> <span class='ocrx_word' id='word_1_279' title='bbox 228 3452 364 3539; x_wconf 78' lang='grc' dir='ltr'><em>στρόφος</em></span> <span class='ocrx_word' id='word_1_280' title='bbox 390 3465 538 3537; x_wconf 89' lang='lat' dir='ltr'><strong>struppus</strong></span> <span class='ocrx_word' id='word_1_281' title='bbox 568 3455 771 3520; x_wconf 76' lang='lat' dir='ltr'><strong>scribendum.</strong></span> <span class='ocrx_word' id='word_1_282' title='bbox 815 3454 875 3518; x_wconf 86' lang='lat' dir='ltr'><strong>Sed</strong></span> <span class='ocrx_word' id='word_1_283' title='bbox 897 3470 953 3534; x_wconf 86' lang='lat' dir='ltr'><strong>pro</strong></span> <span class='ocrx_word' id='word_1_284' title='bbox 976 3448 1125 3531; x_wconf 83' lang='grc' dir='ltr'><strong><em>Λόρυσσα</em></strong></span> <span class='ocrx_word' id='word_1_285' title='bbox 1144 3476 1166 3535; x_wconf 83' lang='grc' dir='ltr'><em>η</em></span> <span class='ocrx_word' id='word_1_286' title='bbox 1292 3534 1294 3539; x_wconf 13' lang='lat' dir='ltr'>s</span> 
     </span>
    </p>
   </div>
   <div class='ocr_carea' id='block_1_4' title="bbox 10 3551 1167 3836">
    <p class='ocr_par' dir='ltr' id='par_1_4' title="bbox 10 3551 1167 3836">
     <span class='ocr_line' id='line_1_33' title="bbox 64 3551 1167 3638; baseline -0.007 -16"><span class='ocrx_word' id='word_1_287' title='bbox 64 3554 176 3638; x_wconf 76' lang='grc' dir='ltr'>Σάμος</span> <span class='ocrx_word' id='word_1_288' title='bbox 187 3556 223 3620; x_wconf 76' lang='lat' dir='ltr'><strong>ri</strong></span> <span class='ocrx_word' id='word_1_289' title='bbox 240 3557 415 3638; x_wconf 81' lang='lat' dir='ltr'><strong>Stephanus</strong></span> <span class='ocrx_word' id='word_1_290' title='bbox 432 3555 603 3634; x_wconf 74' lang='grc' dir='ltr'><strong><em>Δρυοῦσσα</em></strong></span> <span class='ocrx_word' id='word_1_291' title='bbox 624 3555 748 3633; x_wconf 75' lang='lat' dir='ltr'><strong>surrigit</strong></span> <span class='ocrx_word' id='word_1_292' title='bbox 769 3560 800 3616; x_wconf 90' lang='lat' dir='ltr'><strong>ut</strong></span> <span class='ocrx_word' id='word_1_293' title='bbox 815 3552 886 3615; x_wconf 88' lang='lat' dir='ltr'><strong>alibi</strong></span> <span class='ocrx_word' id='word_1_294' title='bbox 903 3551 1021 3631; x_wconf 84' lang='lat' dir='ltr'><strong>dicitur,</strong></span> <span class='ocrx_word' id='word_1_295' title='bbox 1038 3551 1167 3630; x_wconf 88' lang='lat' dir='ltr'><strong>Douysa</strong></span> 
     </span>
     <span class='ocr_line' id='line_1_34' title="bbox 63 3648 1167 3734; baseline -0.014 -11"><span class='ocrx_word' id='word_1_296' title='bbox 63 3661 132 3723; x_wconf 84' lang='lat' dir='ltr'><strong>sive</strong></span> <span class='ocrx_word' id='word_1_297' title='bbox 159 3656 306 3734; x_wconf 88' lang='lat' dir='ltr'><strong>Duuyssa</strong></span> <span class='ocrx_word' id='word_1_298' title='bbox 331 3654 452 3717; x_wconf 82' lang='lat' dir='ltr'><strong>insulae</strong></span> <span class='ocrx_word' id='word_1_299' title='bbox 479 3670 590 3717; x_wconf 87' lang='lat' dir='ltr'><strong>nomeu</strong></span> <span class='ocrx_word' id='word_1_300' title='bbox 619 3653 649 3715; x_wconf 91' lang='lat' dir='ltr'><strong>iu</strong></span> <span class='ocrx_word' id='word_1_301' title='bbox 672 3652 759 3716; x_wconf 81' lang='lat' dir='ltr'><strong>codd.</strong></span> <span class='ocrx_word' id='word_1_302' title='bbox 779 3667 835 3731; x_wconf 85' lang='lat' dir='ltr'><strong>pro</strong></span> <span class='ocrx_word' id='word_1_303' title='bbox 859 3652 984 3713; x_wconf 87' lang='lat' dir='ltr'><strong>Donusa</strong></span> <span class='ocrx_word' id='word_1_304' title='bbox 1005 3648 1167 3710; x_wconf 78' lang='grc' dir='ltr'><strong><em>Δονουσία</em></strong></span> 
     </span>
     <span class='ocr_line' id='line_1_35' title="bbox 10 3744 1164 3836; baseline -0.012 -14"><span class='ocrx_word' id='word_1_305' title='bbox 10 3750 12 3757; x_wconf 79' lang='lat'>&#39;</span> <span class='ocrx_word' id='word_1_306' title='bbox 62 3752 259 3836; x_wconf 84' lang='lat' dir='ltr'><strong>seriptum‚¹⁷</strong></span> <span class='ocrx_word' id='word_1_307' title='bbox 287 3752 324 3817; x_wconf 83' lang='lat' dir='ltr'><strong>ud</strong></span> <span class='ocrx_word' id='word_1_308' title='bbox 354 3753 488 3817; x_wconf 88' lang='lat' dir='ltr'><strong>ultimum</strong></span> <span class='ocrx_word' id='word_1_309' title='bbox 511 3745 633 3833; x_wconf 70' lang='grc' dir='ltr'><em>Ἀᾳύση</em></span> <span class='ocrx_word' id='word_1_310' title='bbox 661 3752 748 3814; x_wconf 82' lang='lat' dir='ltr'><strong>uaris</strong></span> <span class='ocrx_word' id='word_1_311' title='bbox 776 3749 806 3812; x_wconf 90' lang='lat' dir='ltr'><strong>iri</strong></span> <span class='ocrx_word' id='word_1_312' title='bbox 835 3749 928 3811; x_wconf 83' lang='lat' dir='ltr'><strong>inser.</strong></span> <span class='ocrx_word' id='word_1_313' title='bbox 957 3747 1046 3809; x_wconf 92' lang='lat' dir='ltr'><strong>Naut.</strong></span> <span class='ocrx_word' id='word_1_314' title='bbox 1069 3745 1116 3806; x_wconf 83' lang='lat' dir='ltr'><strong>lv.</strong></span> <span class='ocrx_word' id='word_1_315' title='bbox 1137 3744 1164 3808; x_wconf 88' lang='lat' dir='ltr'><strong>d.</strong></span> 
     </span>
    </p>
   </div>
   <div class='ocr_carea' id='block_1_5' title="bbox 67 3868 358 3884">
    <p class='ocr_par' dir='ltr' id='par_1_5' title="bbox 67 3868 358 3884">
     <span class='ocr_line' id='line_1_36' title="bbox 67 3868 358 3884; baseline -0.007 -4"><span class='ocrx_word' id='word_1_316' title='bbox 67 3868 358 3884; x_wconf 45' lang='grc' dir='ltr'><strong>’.ῥ’-*-</strong></span> 
     </span>
    </p>
   </div>
   <div class='ocr_carea' id='block_1_6' title="bbox 57 3903 1167 4228">
    <p class='ocr_par' dir='ltr' id='par_1_6' title="bbox 57 3903 1167 4228">
     <span class='ocr_line' id='line_1_37' title="bbox 135 3903 1167 3982; baseline -0.015 -10"><span class='ocrx_word' id='word_1_317' title='bbox 135 3918 179 3982; x_wconf 82' lang='grc'><strong>17]</strong></span> <span class='ocrx_word' id='word_1_318' title='bbox 198 3917 309 3971; x_wconf 80' lang='lat' dir='ltr'><strong>Veteres</strong></span> <span class='ocrx_word' id='word_1_319' title='bbox 327 3930 360 3970; x_wconf 86' lang='lat' dir='ltr'><strong>ex</strong></span> <span class='ocrx_word' id='word_1_320' title='bbox 376 3916 504 3965; x_wconf 80' lang='grc' dir='ltr'><strong>Διονυσία</strong></span> <span class='ocrx_word' id='word_1_321' title='bbox 522 3913 616 3967; x_wconf 83' lang='lat' dir='ltr'><strong>iactum</strong></span> <span class='ocrx_word' id='word_1_322' title='bbox 635 3914 723 3965; x_wconf 84' lang='lat' dir='ltr'><strong>volunt</strong></span> <span class='ocrx_word' id='word_1_323' title='bbox 739 3918 767 3965; x_wconf 85' lang='lat' dir='ltr'><strong>ut</strong></span> <span class='ocrx_word' id='word_1_324' title='bbox 779 3910 929 3965; x_wconf 82' lang='lat' dir='ltr'><strong>Beeckhius</strong></span> <span class='ocrx_word' id='word_1_325' title='bbox 947 3905 1015 3958; x_wconf 71' lang='grc' dir='ltr'><strong>θεὸν</strong></span> <span class='ocrx_word' id='word_1_326' title='bbox 1028 3903 1167 3966; x_wconf 79' lang='grc' dir='ltr'>Ζόννυξον</span> 
     </span>
     <span class='ocr_line' id='line_1_38' title="bbox 60 3993 1165 4066; baseline -0.014 -9"><span class='ocrx_word' id='word_1_327' title='bbox 60 4007 88 4059; x_wconf 89' lang='lat' dir='ltr'><strong>in</strong></span> <span class='ocrx_word' id='word_1_328' title='bbox 107 4003 192 4056; x_wconf 79' lang='lat' dir='ltr'><strong>inser.</strong></span> <span class='ocrx_word' id='word_1_329' title='bbox 219 3999 299 4066; x_wconf 84' lang='lat' dir='ltr'><strong>Mityt.</strong></span> <span class='ocrx_word' id='word_1_330' title='bbox 324 4013 349 4052; x_wconf 88' lang='lat' dir='ltr'><strong>u.</strong></span> <span class='ocrx_word' id='word_1_331' title='bbox 370 3997 445 4052; x_wconf 82' lang='grc'><strong>2167.</strong></span> <span class='ocrx_word' id='word_1_332' title='bbox 470 3996 603 4048; x_wconf 73' lang='grc' dir='ltr'><strong>Διόνυσον</strong></span> <span class='ocrx_word' id='word_1_333' title='bbox 626 3998 823 4063; x_wconf 77' lang='lat' dir='ltr'><strong>iuterpretatur,</strong></span> <span class='ocrx_word' id='word_1_334' title='bbox 849 3993 891 4047; x_wconf 85' lang='lat' dir='ltr'><strong>ret</strong></span> <span class='ocrx_word' id='word_1_335' title='bbox 916 4005 1043 4060; x_wconf 85' lang='lat' dir='ltr'><strong>oppresso</strong></span> <span class='ocrx_word' id='word_1_336' title='bbox 1067 3993 1120 4045; x_wconf 86' lang='lat' dir='ltr'><strong>ieta</strong></span> <span class='ocrx_word' id='word_1_337' title='bbox 1139 3998 1165 4043; x_wconf 87' lang='lat' dir='ltr'><strong>ut</strong></span> 
     </span>
     <span class='ocr_line' id='line_1_39' title="bbox 59 4072 1165 4148; baseline -0.005 -13"><span class='ocrx_word' id='word_1_338' title='bbox 59 4082 173 4148; x_wconf 75' lang='grc' dir='ltr'><strong><em>σωπᾷν,</em></strong></span> <span class='ocrx_word' id='word_1_339' title='bbox 191 4080 340 4146; x_wconf 59' lang='lat' dir='ltr'><strong>aestutiae,</strong></span> <span class='ocrx_word' id='word_1_340' title='bbox 357 4078 463 4148; x_wconf 78' lang='grc' dir='ltr'><em>χλαρόν</em></span> <span class='ocrx_word' id='word_1_341' title='bbox 481 4079 556 4148; x_wconf 78' lang='grc' dir='ltr'><em>παρὰ</em></span> <span class='ocrx_word' id='word_1_342' title='bbox 573 4078 603 4131; x_wconf 76' lang='grc' dir='ltr'><strong>τὸ</strong></span> <span class='ocrx_word' id='word_1_343' title='bbox 622 4076 737 4146; x_wconf 77' lang='grc' dir='ltr'><strong><em>χλιαρόν</em></strong></span> <span class='ocrx_word' id='word_1_344' title='bbox 754 4077 841 4130; x_wconf 84' lang='lat' dir='ltr'><strong>Schol.</strong></span> <span class='ocrx_word' id='word_1_345' title='bbox 861 4074 934 4129; x_wconf 84' lang='lat' dir='ltr'><strong>Ptui.</strong></span> <span class='ocrx_word' id='word_1_346' title='bbox 952 4072 980 4128; x_wconf 82' lang='lat' dir='ltr'><strong>P.</strong></span> <span class='ocrx_word' id='word_1_347' title='bbox 1001 4072 1042 4130; x_wconf 79' lang='lat' dir='ltr'><strong>lit.</strong></span> <span class='ocrx_word' id='word_1_348' title='bbox 1063 4074 1104 4132; x_wconf 87' lang='grc'><strong>66.</strong></span> <span class='ocrx_word' id='word_1_349' title='bbox 1123 4076 1165 4130; x_wconf 76' lang='lat' dir='ltr'><strong>vel</strong></span> 
     </span>
     <span class='ocr_line' id='line_1_40' title="bbox 57 4157 809 4228; baseline -0.023 -4"><span class='ocrx_word' id='word_1_350' title='bbox 57 4183 118 4224; x_wconf 85' lang='lat' dir='ltr'><strong>uua</strong></span> <span class='ocrx_word' id='word_1_351' title='bbox 136 4179 195 4219; x_wconf 87' lang='lat' dir='ltr'><strong>curu</strong></span> <span class='ocrx_word' id='word_1_352' title='bbox 214 4164 284 4218; x_wconf 84' lang='lat' dir='ltr'><strong>detta</strong></span> <span class='ocrx_word' id='word_1_353' title='bbox 300 4165 327 4217; x_wconf 91' lang='lat' dir='ltr'><strong>iu</strong></span> <span class='ocrx_word' id='word_1_354' title='bbox 344 4168 403 4217; x_wconf 86' lang='lat' dir='ltr'><strong>zeta</strong></span> <span class='ocrx_word' id='word_1_355' title='bbox 420 4167 516 4217; x_wconf 87' lang='lat' dir='ltr'><strong>mutato</strong></span> <span class='ocrx_word' id='word_1_356' title='bbox 534 4166 563 4215; x_wconf 91' lang='lat' dir='ltr'><strong>ut</strong></span> <span class='ocrx_word' id='word_1_357' title='bbox 580 4159 610 4222; x_wconf 79' lang='grc' dir='ltr'><strong>ζά</strong></span> <span class='ocrx_word' id='word_1_358' title='bbox 628 4175 673 4228; x_wconf 77' lang='lat' dir='ltr'><strong>pre</strong></span> <span class='ocrx_word' id='word_1_359' title='bbox 693 4157 739 4210; x_wconf 71' lang='lat' dir='ltr'><strong>dui</strong></span> <span class='ocrx_word' id='word_1_360' title='bbox 760 4165 809 4213; x_wconf 86' lang='lat' dir='ltr'><strong>etc.</strong></span> 
     </span>
    </p>
   </div>
   <div class='ocr_carea' id='block_1_7' title="bbox 101 4243 959 4327">
    <p class='ocr_par' dir='ltr' id='par_1_7' title="bbox 101 4243 959 4327">
     <span class='ocr_line' id='line_1_41' title="bbox 101 4243 959 4327; baseline -0.008 -13"><span class='ocrx_word' id='word_1_361' title='bbox 101 4266 209 4315; x_wconf 73' lang='lat' dir='ltr'><strong>Lubaeek.</strong></span> <span class='ocrx_word' id='word_1_362' title='bbox 228 4265 363 4327; x_wconf 71' lang='lat' dir='ltr'><strong>Patholeg.</strong></span> <span class='ocrx_word' id='word_1_363' title='bbox 919 4243 959 4308; x_wconf 59' lang='grc' dir='ltr'><em>Ἥ</em></span> 
     </span>
    </p>
   </div>
   <div class='ocr_carea' id='block_1_8' title="bbox 0 0 1328 4756">
    <p class='ocr_par' dir='ltr' id='par_1_8' title="bbox 0 0 1328 4756">
     <span class='ocr_line' id='line_1_42' title="bbox 0 0 1328 4756; baseline 0 2"><span class='ocrx_word' id='word_1_364' title='bbox 0 0 1328 4756; x_wconf 95' lang='lat' dir='ltr'><strong> </strong></span> 
     </span>
    </p>
   </div>
  </div>
 </body>
</html>
