2648 4756
64 338 114 403 tm
129 337 224 404 ΝΟΜ.
241 336 407 416 QUORUM
421 335 531 401 ctiam
542 336 618 405 EST
632 335 851 404 GUTTURAL.
873 341 905 406 G.
919 341 967 407 111.
991 350 1019 420 ς.
1033 344 1062 411 2.
1096 348 1164 417 335

60 502 223 582 seribitur3
243 518 357 565 nomen
378 502 462 584 rupis
485 498 641 582 Πποαχός
661 500 751 566 Pons.
773 503 823 567 tx.
843 503 893 570 41.
907 505 936 572 3.
958 523 1016 589 pro
1036 527 1098 592 quo
1112 530 1163 596 op.

57 601 211 664 Plutarch.
241 595 404 682 Πέτοοχος
422 601 533 681 legitur
552 606 684 664 aeoentu
705 601 804 680 magis
826 602 971 683 legitimo,
992 607 1164 677 Pausanias

57 698 96 762 ad
117 695 231 778 πέτρος
251 701 353 781 refert,
379 715 479 778 eoque
501 698 643 779 exemplo
666 699 758 762 etiam
782 702 960 781 Πωταχίὸαι
981 704 1086 773 demus
1107 713 1163 774 At-

58 799 156 880 ticus,
183 814 272 879 quem
294 797 468 877 Stephanus
489 796 664 877 Βωταχιθαι
684 806 791 881 noent,
823 808 853 864 et
875 803 1067 888 Βοντακλθης
1086 809 1162 874 cro.

58 897 179 959 toniata
207 894 244 958 atl
263 889 363 976 βότης
384 894 525 959 reroeari
546 894 634 977 lieet,
669 897 866 978 Προταχιδαι
888 901 1088 980 Tegeatarum
1110 907 1162 973 de-

56 1012 126 1060 mus
149 994 238 1057 Paos.
259 993 334 1057 viti.
354 993 405 1075 45,
428 993 455 1057 1.
477 993 662 1074 admonitos,
685 1011 724 1057 ae
740 996 880 1061 similiter
892 999 1002 1081 Σῆμος
1014 999 1162 1086 Σήμαχος

58 1091 306 1158 Semachidarum
333 1092 491 1174 eonditor,
525 1092 661 1185 Θίβρων,
674 1094 841 1177 φίβραχος,
872 1094 992 1162 Μένων
1013 1096 1163 1185 Μέναχος

57 1191 190 1271 Aegypti
211 1189 291 1265 iilius
312 1188 457 1269 Apollod.
479 1190 514 1255 tt.
537 1191 565 1269 1,
585 1191 614 1256 5.
656 1192 702 1255 De
724 1201 854 1257 accentu
875 1196 1019 1262 universe
1037 1200 1163 1280 praeei-

59 1292 103 1371 pit
123 1289 276 1353 Arcadius
299 1305 327 1370 p.
348 1287 399 1354 83.
420 1284 460 1350 τὰ
478 1288 521 1362 εἰς
540 1276 602 1371 {o}
614 1285 889 1373 προπαροξύνεται,
908 1288 1069 1378 βάτραχος,
1090 1301 1163 1362 Σω.

56 1384 194 1471 τήριχος,
220 1382 257 1450 τὸ
278 1382 311 1450 δὲ
330 1382 466 1468 μοναχός
486 1381 654 1469 (ὀξύνεται)
675 1384 851 1452 ἐπιθετικόν
871 1386 918 1469 όν,
941 1399 973 1456 nt
993 1392 1164 1479 πλεοναχός

56 1488 97 1551 ab
118 1488 253 1568 Epicuro
275 1491 472 1566 usurpatum,
499 1487 547 1549 nni
569 1503 648 1566 qnae
670 1487 787 1551 Coraes
807 1489 839 1551 tn
861 1490 1034 1557 Stoebasm.
1057 1513 1086 1576 p.
1108 1495 1160 1561 tt.

57 1588 187 1668 apponit
207 1579 327 1665 ἐνιαχός
348 1590 379 1646 et
396 1578 559 1664 πανταχός,
587 1600 651 1647 nnn
671 1584 813 1664 leguntur
833 1584 925 1650 bodie
947 1590 1003 1653 sed
1025 1593 1163 1659 tortasse

56 1684 302 1765 ascriptoribus
323 1683 448 1762 Epicuri
475 1682 626 1746 similibus
653 1683 755 1746 amota
781 1692 853 1747 sunt
875 1685 913 1749 ad
935 1687 1163 1754 similitudinem

57 1783 290 1861 adverbiorum3
327 1796 388 1861 qun
413 1782 464 1842 via
489 1781 521 1849 in
549 1781 675 1844 latinum
703 1798 876 1847 sermonem
897 1785 1088 1866 irrepserunt
1109 1785 1162 1851 ad·

54 1883 170 1962 Jecttva
192 1881 297 1962 spuria
318 1878 513 1959 ambifarins,
541 1879 693 1961 trifarius,
721 1881 930 1965 extrinsecus,
958 1883 1160 1957 omnimodus,

58 1980 236 2063 Νηπλαχος,
262 1972 399 2058 παναχός
428 1982 459 2039 et
480 1972 628 2058 Κάναχος
650 1981 714 2057 jam
742 1995 837 2059 supra
858 1981 955 2046 attuli.
1004 1982 1161 2047 Feminina

20 2110 24 2123 ·
58 2078 244 2144 substantivi
264 2078 387 2156 generis
408 2075 559 2139 Arcadius
581 2092 609 2154 p.
633 2074 701 2140 115.
732 2075 816 2138 nulla
836 2085 985 2141 memorat
1005 2080 1065 2143 nisi
1086 2096 1161 2145 rer-

59 2177 143 2242 beiiu
164 2171 306 2257 στοναχή,
327 2168 458 2256 ταραχή,
481 2168 583 2255 λαιιχή,
604 2167 729 2256 διδαχή,
750 2170 885 2256 μαλάχη,
909 2191 1010 2256 neque
1031 2178 1099 2240 eoin
1120 2195 1163 2244 att

57 2276 143 2339 nulla
168 2275 360 2355 reperiantur
386 2273 446 2337 boe
474 2289 535 2335 uno
557 2270 650 2335 modo
674 2273 842 2337 terminata.
884 2273 961 2337 Nam
983 2269 1161 2358 σανθαοάχιχ

58 2375 139 2458 apud
159 2389 292 2455 graeeos
314 2373 485 2452 scriptores
506 2369 682 2448 latinosque
703 2372 829 2450 saepius
858 2387 915 2451 per
937 2377 1058 2436 tenuem
1078 2374 1163 2439 seri-

57 2473 139 2536 bitur
160 2477 194 2533 nt
214 2472 340 2534 Festus:
362 2470 552 2533 Soadornen
573 2483 674 2546 penus
696 2468 813 2530 ceteris
836 2469 921 2549 qood
942 2469 1057 2534 θνατοί
1077 2488 1161 2537 sno-

59 2571 160 2633 riieem
181 2570 357 2648 oppetierit,
387 2566 466 2629 unde
494 2567 632 2628 nascitur
653 2582 829 2645 paragogae
851 2569 999 2648 suspioio.
1041 2568 1080 2632 m
1103 2586 1161 2651 pro

58 2667 166 2730 dorion
189 2660 302 2746 εὐλάχα
323 2668 389 2729 sire
410 2659 538 2743 αὐλάχα,
561 2663 642 2743 quoti
663 2662 913 2729 Hemsterbusius
936 2669 974 2732 ab
995 2657 1092 2745 αὖλαξ
1113 2686 1161 2735 re·

59 2766 146 2846 petit,
169 2764 353 2843 Thucydidis
376 2765 444 2827 libri
466 2765 530 2827 iere
553 2778 659 2824 omnes
680 2755 795 2824 τόλάκα
816 2764 974 2843 praebent.
1018 2763 1160 2848 Πεντάχα

58 2857 78 2944 ἡ
98 2863 162 2943 χείρ
182 2863 254 2925 Hes.
277 2880 294 2923 a
316 2861 462 2924 numerali
485 2861 606 2922 ductum
627 2859 747 2922 videtur
769 2860 848 2923 uude
861 2861 1006 2927 adverbia
1017 2859 1160 2944 πένταχα,

58 2961 191 3041 πενταχῆ
203 2978 270 3023 eum
285 2959 435 3022 similibus
448 2954 585 3038 τέτραχα,
605 2958 734 3039 μοναχῆ,
748 2954 907 3040 ἕκασταχῆ,
922 2962 1074 3038 ποσαχῶς,
1087 2962 1160 3023 πολ-

59 3061 173 3140 λαχῶς,
194 3059 384 3137 περισσαχῶς
401 3057 508 3120 tumbt.
527 3059 559 3119 in
580 3056 697 3119 Ninum.
718 3057 846 3118 Aritium.
869 3074 898 3137 p.
922 3056 968 3121 14.
989 3060 1159 3141 πανταχοῦ,

58 3151 265 3237 πανταχόθεν,
279 3151 457 3235 πανταχόσε,
473 3154 638 3233 πολλαχοῦ,
657 3150 859 3238 πολλαχόθεν,
879 3152 1057 3238 πολλαχόσε,
1080 3164 1160 3239 quae

58 3256 190 3320 idoneos
212 3254 325 3317 habent
346 3259 507 3330 auetores;
530 3252 585 3315 setl
607 3246 750 3333 ἀλλαχοῦ,
772 3247 944 3334 ἀλλαχόθεν
965 3262 995 3319 et
1011 3252 1162 3336 ἀλλαχόθι
1272 3248 1278 3255 ’

59 3356 175 3418 bloeris
203 3359 255 3416 aut
285 3351 365 3433 apud
392 3350 628 3429 Xenophontem
656 3352 744 3415 aliter
771 3355 886 3430 scripta
912 3355 1027 3415 invenit
1048 3360 1101 3416 ant
1121 3370 1161 3418 ne

60 3455 151 3532 buius
181 3450 301 3532 quidem
328 3450 504 3512 testimonio
534 3450 612 3512 satis
641 3453 820 3513 confirmata
846 3448 991 3528 eredidi13
1026 3452 1163 3531 praefert

61 3554 140 3616 enim
163 3549 306 3611 breviora
327 3563 406 3627 quae
425 3562 642 3627 nonnunquam
663 3550 695 3610 in
717 3548 804 3611 codd.
827 3553 1013 3627 comparent.
1046 3546 1101 3608 His
1115 3563 1162 3612 re·

60 3647 216 3731 spondent
238 3647 391 3726 adverbia,
412 3662 541 3724 querum
563 3647 648 3724 prins
670 3648 854 3711 mentionem
873 3646 973 3726 bubni,
994 3639 1163 3724 ἑκαστάκτς,

60 3739 245 3826 περισσάκις.
284 3744 344 3809 Sed
365 3743 448 3805 nulla
462 3761 565 3806 earum
585 3744 838 3826 terminatinnum‚
860 3761 938 3824 quas
955 3743 1164 3842 tractavimus,

60 3849 90 3909 in
112 3844 216 3907 verbis
237 3844 388 3922 reperitur
410 3849 533 3921 praeter
547 3849 745 3924 postremam,
767 3848 854 3922 eujus
870 3842 927 3904 tria
941 3849 1012 3904 sunt
1025 3843 1166 3922 exempla

62 3937 149 4022 λάχω,
172 3936 316 4021 στενάχω,
338 3935 484 4022 νηπιόχω.

147 4047 176 4113 §.
199 4039 226 4102 2.
269 4039 354 4114 Quae
375 4055 466 4101 unam
494 4039 582 4101 trium
609 4038 801 4116 sequentium
822 4037 974 4101 voealium
997 4044 1067 4101 ante
1089 4040 1166 4105 eba-

62 4148 214 4204 racterem
234 4139 354 4217 babent,
376 4151 437 4199 uno
461 4144 568 4201 tenore
589 4143 782 4216 peragentur.
811 4136 887 4201 Nam
909 4139 1031 4220 epsilon
1052 4139 1083 4204 in
1104 4155 1166 4203 nnn
