2648 4756
96 377 147 444 1111
160 377 256 445 11011.
271 378 439 457 QUORUM
452 376 563 444 CHAR
575 378 653 444 1181
669 378 887 447 sorrentu.
917 381 949 447 C.
964 382 999 447 n
1018 383 1083 458 §.2
1121 384 1179 450 stt

71 544 202 627 propius
226 543 265 608 ud
288 537 415 625 ἅρρνχος
434 542 562 621 ueoetlit,'
587 546 677 624 onius
699 544 884 626 multiplices
906 548 1023 611 lormus
1044 547 1076 610 in
1098 554 1128 622 ς.
1145 546 1176 613 8.

71 658 276 724 exponemus.
312 643 386 705 Sunt
408 658 481 705 uero
504 643 674 724 compluria
697 660 827 723 quorum
848 645 996 724 originem
1018 647 1175 710 nesoimus

70 740 219 822 νῖσακος,
247 734 407 816 σκιθωιός,
435 733 570 820 όρνακός
590 735 718 820 ὄστρεον
738 740 811 805 lies.
834 747 893 805 ete.
934 742 998 807 Sei
1018 760 1177 825 paragoge

68 847 125 904 aut
155 858 175 903 a
203 839 305 904 uerbis
333 836 523 903 descendunt
548 837 633 921 παρὰ
661 835 698 904 τὸ
726 831 854 902 ἀνάσσω
885 831 1002 914 ἅνακός
1032 834 1075 916 als
1106 864 1174 925 φο-

66 934 175 1001 teneo
202 931 354 1021 φυλμκός,
381 933 530 1017 malaeum
553 935 693 1021 μαλακός
720 938 785 1002 ΕΜ.
809 936 859 1019 96,
879 936 929 1001 33.
958 945 1011 1001 uui
1031 956 1051 1002 e
1070 942 1174 1005 nomi-

65 1037 170 1117 nibus,
197 1037 306 1117 partim
335 1035 462 1100 eandem
491 1052 560 1100 eum
589 1037 751 1117 primitivis
779 1037 1033 1116 significationem
1060 1040 1172 1103 sortitu

66 1142 102 1197 ut
122 1151 200 1215 quae
221 1133 394 1212 Hesychius
416 1135 503 1198 ollert
525 1135 627 1208 σόπος
648 1129 772 1215 ὄρνεον·
800 1132 876 1198 ἔνιοι
897 1131 931 1197 eli
950 1129 1101 1210 νιπακόν
1119 1131 1173 1203 tt-

66 1246 156 1313 μονσι
175 1239 205 1296 et
219 1227 344 1314 ἐριθεός
361 1227 554 1315 όὲρνθακός,
580 1250 669 1314 quem
687 1234 866 1298 Aristotelis
884 1234 1069 1316 interpretes
1085 1234 1171 1299 lotini

66 1329 268 1394 rubellionem
294 1331 345 1395 rel
370 1332 547 1395 rubeeulnm
576 1332 733 1412 appellunt
761 1346 874 1395 nomen
896 1333 933 1396 ab
956 1326 1090 1413 ἐρυθρός
1110 1330 1171 1396 uu-

64 1434 184 1507 oentes,
206 1430 308 1510 aptius
331 1429 452 1509 qrridem
472 1430 516 1493 illi
537 1447 628 1511 quum
649 1430 714 1493 Eli.
739 1436 770 1493 et
791 1431 1032 1494 Choeroboseus
1055 1448 1084 1512 p.
1103 1429 1170 1496 199.

64 1522 189 1608 ἐριθεός
215 1520 300 1608 παρὰ
327 1522 363 1589 τό
390 1524 527 1607 ἔριθος.5
559 1529 635 1592 Pars
665 1528 819 1591 diversum
840 1529 1007 1609 significan
1036 1525 1171 1605 όιμωνός

63 1625 167 1690 morbi
194 1626 347 1690 sitieulosi
375 1642 502 1709 nomen,
531 1620 651 1701 όνακός
676 1620 868 1706 παρώνυμον
895 1619 975 1691 εἶναι
994 1642 1073 1711 φασι
1096 1629 1169 1695 llos.

65 1722 106 1787 alt
129 1710 201 1800 οὖς,
224 1728 257 1785 ut
275 1724 418 1805 arbitror,
439 1726 520 1787 siout
540 1719 618 1799 ιότός
640 1733 670 1789 et
692 1726 776 1803 asio;
799 1717 937 1804 eripueris
955 1719 992 1789 τὸ
1004 1722 1101 1809 μέσον
1114 1727 1170 1810 τῆς

64 1815 173 1902 κόμης
187 1819 263 1885 l’oll.
284 1820 318 1885 ll.
332 1821 383 1886 85.
404 1822 443 1885 ub
465 1817 555 1903 οὐρά,
577 1825 636 1888 nisi
659 1823 765 1902 lallor;
786 1816 920 1896 ἄστακος
940 1825 998 1908 vel,
1020 1833 1055 1890 nt
1075 1826 1168 1890 lones

65 1927 98 1983 et
119 1919 214 1982 Attiei
235 1919 393 2002 dieebant,
414 1913 560 2000 όστοκός,
581 1916 638 1985 τὸν
657 1915 904 2003 ὀστρακόδερμον
924 1923 1097 2003 signiioare
1118 1923 1169 1986 vi-

64 2017 156 2082 detur
177 2018 221 2081 eb'
237 2012 346 2080 ὀστέον
367 2017 535 2083 derivatum
557 2028 589 2084 ut
615 2014 741 2099 ὄστρεον
765 2012 828 2081 όνό
855 2020 914 2083 νοῦ
941 2015 1053 2084 ὀστέον
1079 2022 1167 2088 Eust.

64 2116 156 2199 1161,
177 2115 253 2181 33.ϋ
278 2112 415 2190 ὕσσακος
443 2118 526 2198 quod
547 2120 614 2182 sive
636 2120 751 2181 lasoins
773 2118 933 2200 signifieat,
965 2120 1076 2200 quihus
1096 2136 1168 2184 mu-

62 2214 157 2278 lieres
179 2221 387 2279 menstruatae
409 2222 551 2298 utuntur,
583 2217 649 2278 sive
670 2222 788 2296 purtem
809 2216 909 2296 ipsam
930 2218 1090 2298 eorporis,
1117 2218 1168 2281 eui

63 2328 177 2376 nomeu
203 2300 242 2386 ὖς
266 2320 297 2376 et
316 2321 422 2395 χοῖρος
442 2314 689 2395 (χοιροτρνφεῖον
708 2315 861 2394 περίζωμα
880 2317 1059 2395 γυναικεῖον
1078 2314 1166 2394 iles.)

63 2411 229 2474 manifesto
259 2413 298 2474 ab
326 2401 364 2485 ὗς
386 2413 612 2475 denominatum
634 2418 700 2490 est;
734 2413 872 2493 χοίροκοι
894 2414 989 2476 suarii
1011 2413 1167 2476 italiorum

61 2508 133 2572 Atlt.
154 2509 202 2573 lv,
226 2507 293 2572 173.
313 2513 350 2572 Α.
373 2510 455 2591 quod
477 2518 635 2573 noeentum
658 2512 852 2589 propriorum
874 2512 1013 2591 neeepit;
1033 2506 1168 2591 κόρακος

62 2608 161 2689 pisois
184 2624 295 2669 nomeu
317 2609 451 2670 tortasse
474 2626 491 2670 u
514 2608 707 2671 similitudine
736 2611 820 2671 corvi
848 2609 980 2690 ideoque
1007 2617 1167 2690 gravatum

62 2723 99 2769 ex
125 2706 279 2768 sententia
302 2723 406 2768 eorum
429 2708 480 2785 qui
504 2724 540 2768 ex
571 2706 729 2785 barytonis
752 2709 895 2785 genitivis
922 2726 1014 2787 pares
1037 2717 1166 2774 accentu

60 2805 267 2867 nominativos
295 2806 427 2867 existere
454 2811 591 2867 statuunt
622 2811 654 2864 ut
674 2801 776 2878 θόλοξ
797 2802 945 2881 θύλακος,
970 2804 1008 2868 nd
1030 2807 1166 2870 ultimum

60 2897 217 2974 παλλακάς
238 2919 255 2962 n
277 2899 414 2983 relatam}
435 2906 579 2968 reflexum
600 2913 632 2967 ul
647 2900 762 2983 πόρνος
784 2920 801 2964 a
822 2899 930 2984 πόρνη.
949 2939 989 2948 -
1011 2904 1165 2965 Feminina

60 3000 346 3078 Arcadiusgravnri
364 3000 437 3062 dicit
455 2995 575 3084 Ἰθάκη,
599 2997 725 3083 όνόρκρ,
749 2997 906 3080 Enniano,
930 3001 1068 3077 exeeptis
1091 3014 1164 3059 ver-

61 3100 183 3163 balibus
205 3094 328 3179 potam}
359 3092 420 3159 ἀπὸ
449 3103 506 3161 τοῦ
531 3098 681 3181 φυλάσσω
709 3098 762 3162 καὶ
783 3094 877 3178 einer}
898 3090 1038 3158 ἀπὸτοῦ
1060 3090 1163 3173 αἰάζω,

60 3197 121 3259 Pru
152 3190 269 3277 ότάρκη
298 3199 369 3276 (nisi
396 3197 448 3259 ille
477 3200 561 3277 puris
591 3200 776 3277 interposuit
804 3214 866 3260 non
895 3213 1002 3277 purum
1029 3188 1162 3276 ἆόόρκη)

59 3296 169 3375 reponi
199 3300 303 3374 potest
332 3289 437 3376 ἀφάκη
467 3298 571 3376 planta
597 3308 728 3377 eognuta
759 3299 894 3359 tortasse
920 3294 970 3355 vel
997 3295 1105 3356 similis
1135 3294 1164 3357 ei

59 3410 140 3473 quae
160 3387 263 3474 φακός
284 3391 401 3474 dieitur,
422 3396 470 3457 vel
492 3390 592 3476 ἁρόκη
613 3392 709 3476 φιάλη
730 3396 801 3457 llos
824 3394 872 3454 vel
888 3390 968 3452 uliud
989 3385 1164 3469 simile’Ap-

58 3487 146 3572 τᾶνω),
164 3486 286 3573 Ulucium,
306 3486 432 3574 Ἀφάνμ
475 3495 534 3556 Pro
561 3502 719 3572 postremo
742 3487 835 3572 αἰωκή
857 3484 998 3550 ἀπὸτοῦ
1019 3482 1113 3562 αἰάζω
1135 3490 1162 3550 si

58 3592 220 3673 posuisset
247 3587 347 3674 ὑλακή
376 3586 437 3654 ἀπὸ
464 3594 521 3654 τοῦ
543 3585 628 3653 ὑλόω
651 3587 672 3673 ἢ
696 3584 837 3670 itione,
866 3585 1066 3649 dubitationis
1088 3585 1163 3647 reli-

55 3763 352 3775 ——...—

125 3870 154 3935 5)
178 3870 265 3922 Schol.
284 3872 360 3923 Arist.
380 3872 457 3938 Vesp.
478 3872 535 3926 922.
556 3868 663 3937 ἐριόιῦς
680 3867 694 3919 ό
713 3870 758 3919 καὶ
779 3866 902 3932 ι’ρίόνλος
922 3863 1089 3930 καλούμενος
1111 3861 1163 3915 ὑπὸ

57 3952 113 4002 τῶν
126 3952 259 4003 νιλοιόνων
272 3953 408 4020 §pilleatos
427 3954 475 4006 l'ro
489 3953 612 4021 ι’ρίόυλος
626 3949 834 4004 substituendum
849 3946 1067 4014 mtecclocsimile
1083 3961 1161 4015 supra

56 4035 143 4088 allatis
163 4035 231 4088 Diss.
247 4037 279 4090 11.
294 4035 323 4088 C·
340 4036 361 4089 l.
378 4037 435 4098 §.3.
456 4035 600 4104 alpiniano
617 4033 786 4100 repetentes

124 4119 153 4183 6)
167 4120 316 4186 ’θοιροκον
340 4125 461 4186 putamen
481 4121 523 4172 ovi
544 4119 638 4171 dieitur
655 4124 681 4172 et
699 4113 738 4166 ιόό
757 4110 873 4164 ἀνόστεον
893 4109 950 4163 Nic.
969 4114 1010 4167 Al.
1035 4115 1094 4172 too.
1115 4116 1167 4167 τῶν

56 4201 134 4251 neor
153 4199 180 4253 ιό
200 4203 293 4254 κοῖλον
310 4201 428 4259 όσιιικός
445 4202 508 4256 1011.
528 4202 561 4255 11.
580 4202 623 4258 85.
643 4201 704 4267 quia
721 4196 939 4262 cartilaginosum.
