2648 4756
169 343 234 411 ltili
515 324 838 397 bissunttnlo
866 322 937 393 nt·

170 505 309 589 quamuis
331 500 525 566 obliteratam
547 500 581 560 nt
600 495 633 558 in
653 492 758 559 lntmis
778 493 982 575 tergeminus,
1003 492 1271 574 septemgeminus.

170 603 346 670 Proximum
367 596 503 677 antiquis
530 593 606 658 nibil
625 594 743 674 negotii
765 593 906 657 lucessit:
944 584 1007 654 ἀπὸ
1035 591 1095 654 τοῦ
1122 589 1183 672 εἰμί
1210 586 1273 664 ἐτός

170 698 224 767 uei
248 696 359 780 ἔτυμος
386 693 429 771 ὦς
455 691 524 767 ἕλος
548 688 659 775 ἔλυμος
684 690 824 755 llustutb.
855 690 949 774 1408,
978 690 1025 756 tl.
1056 708 1190 772 quorum
1217 692 1273 754 boc

172 799 289 863 certius
316 797 416 861 altero
444 811 472 856 v.
496 790 656 872 Sprengel.
676 788 717 853 ud
738 790 890 871 Tbeopbr.
912 792 945 854 T.
963 792 998 856 ll.
1019 791 1090 858 tait
1140 790 1274 870 Scolqmi

172 897 354 980 principium
370 890 506 957 ostendit
522 890 696 969 Hesychius
713 885 836 963 Σκόλος
848 882 928 964 eidos
941 883 1089 973 ἀκάνθης.
1125 888 1189 954 l’ro
1208 885 1277 953 Πό-

171 1000 268 1077 λυμος
289 993 396 1058 nescio
419 1007 458 1053 an
479 985 626 1070 Σόλυμος
645 987 840 1052 scribendum
861 990 917 1071 sit,
945 1005 1035 1070 quom
1056 997 1277 1054 commemorat

174 1095 350 1181 Stephanus
374 1107 399 1153 s.
420 1083 553 1151 Μιλύαι.
595 1087 640 1149 lle
661 1088 773 1151 ceteris
795 1086 1017 1151 Tocbnlcorum
1038 1088 1191 1169 exemplis
1211 1087 1276 1151 dis-

174 1193 258 1259 serui
280 1186 444 1259 iol’arall.
465 1185 694 1265 tacunarum
721 1202 811 1249 unum
837 1184 1002 1267 μίμμλνμος
1028 1180 1047 1250 ὁ
1073 1182 1278 1268 στρεφόμενος

172 1288 296 1374 γόμφος
316 1286 532 1368 cognationem
553 1283 668 1349 babere
692 1282 811 1349 uidetur
832 1300 900 1349 oum
923 1286 1045 1367 uiyadoc
1065 1288 1191 1351 nomine
1210 1287 1276 1349 auis

173 1387 330 1455 versatilis
352 1385 431 1449 unde
452 1383 611 1467 κιμολίζον
629 1375 666 1444 τὸ
684 1376 910 1463 μεταστρέφειν.
951 1382 1030 1448 nodi
1048 1392 1185 1465 possunt
1208 1380 1276 1447 Φά-

174 1508 273 1570 ρυμος
288 1478 412 1565 θρασύς
428 1490 458 1553 et
479 1475 646 1565 ἀφάουμος
666 1474 798 1562 ἄτολμος
818 1480 890 1553 llos.
915 1488 945 1545 et
967 1499 1005 1546 er
1027 1485 1119 1549 tertia
1139 1484 1278 1549 declina·

177 1588 261 1650 tione
283 1572 441 1665 δοιτνμών
468 1598 488 1645 a
512 1574 620 1653 δαιτός
640 1578 818 1643 derivatum.
847 1580 973 1643 localis
993 1580 1118 1645 ultimae
1140 1582 1280 1664 exempla

175 1683 260 1749 nulla
281 1685 451 1767 suppetunt
477 1686 601 1760 praeter
621 1677 774 1742 vocabule
793 1678 966 1760 plantarum
985 1674 1134 1761 ἄμωμον,
1161 1678 1281 1762 καρδά-

174 1800 285 1863 μωμον
313 1776 466 1849 diuersum
502 1794 521 1842 a
549 1774 711 1859 cardamo,
743 1782 774 1839 ot
806 1772 1021 1859 κιννάμωμον,
1050 1780 1112 1843 cui¹
1126 1779 1280 1845 Nicander

176 1877 397 1960 praeiormavit
418 1876 602 1957 primitivum
623 1874 755 1957 κίνομον
776 1880 807 1939 et
827 1874 955 1956 propria
975 1876 1131 1943 bominum
1153 1874 1281 1942 zuato-

176 1996 234 2059 μος
256 1983 287 2039 et
307 1976 453 2057 Σίοωμος
473 1974 586 2040 Herod.
608 1972 670 2037 vll.
693 1972 741 2039 98.
763 1975 911 2054 urbisque
932 1969 1087 2057 Εὕρονμος
1106 1995 1133 2041 v.
1154 1976 1282 2041 Ecklrcl.

177 2076 283 2155 Doctr.
307 2074 339 2137 T.
358 2072 394 2137 ll.
416 2072 488 2138 581.
510 2072 692 2155 quibuscum
714 2071 789 2135 nibil
810 2072 902 2137 nobis
928 2080 976 2137 est
997 2075 1186 2155 commercii3
1219 2098 1282 2155 μο-

177 2167 265 2255 λοὶμη
292 2172 469 2237 vestimenti
501 2187 629 2253 nomen,
661 2169 746 2252 quod
774 2170 981 2239 Schneiderus
1010 2191 1049 2240 en
1068 2173 1157 2243 LXX.
1184 2174 1282 2260 affert,

180 2271 380 2338 omittendum
402 2275 468 2336 crat
490 2274 523 2333 nt
543 2268 728 2337 hebraicum.

641 2514 747 2579 GAP.
783 2512 824 2578 ll.

562 2677 620 2744 De
651 2676 904 2765 affectionibus.

266 2851 296 2919 ς.
320 2843 346 2908 i,
388 2843 600 2927 blututionum,
623 2860 701 2923 qnes
722 2845 875 2909 vocabula
895 2844 986 2925 bujns
1008 2846 1121 2911 classis
1144 2851 1285 2938 subeunt,

183 2945 282 3027 prima
303 2948 350 3005 est
374 2940 537 3024 productio
559 2942 678 3005 vocalis
701 2943 967 3025 antepenultimae.
1010 2944 1080 3010 Non
1108 2947 1221 3031 loquor
1249 2953 1285 3017 de

183 3037 312 3120 πλόϊμος
335 3047 364 3103 et
386 3034 536 3120 πλόιμος,
566 3056 636 3103 nam
658 3039 735 3103 haec
757 3042 865 3105 eodem
888 3045 952 3106 lere
975 3043 1046 3109 loco
1070 3054 1141 3111 sunt
1170 3057 1204 3113 ut
1226 3050 1286 3114 diri

184 3137 223 3205 ad
244 3138 354 3215 Plrryn.
378 3136 448 3203 615,
470 3136 526 3201 sed
547 3131 701 3218 ἆρώσιμος
723 3139 897 3223 Sophocles
919 3143 1098 3227 usurparit,
1130 3148 1178 3209 eui
1208 3150 1287 3214 inira

184 3229 308 3316 ἀρωτήρ
337 3231 517 3317 adJungum,
550 3243 580 3298 ct
606 3232 767 3318 αἰόήοιμος
796 3237 889 3319 Orph.
919 3241 991 3321 Arg.
1022 3240 1111 3308 1346.
1139 3261 1196 3325 pro
1225 3266 1285 3329 quc

185 3330 273 3419 codd.
299 3330 417 3413 aliquot
438 3328 611 3415 οἱὸἑσσιμος
639 3334 788 3415 praebent
817 3337 856 3400 ab
885 3340 1033 3420 exemplis
1055 3342 1149 3406 nibilc
1171 3348 1288 3411 confir-

184 3434 306 3509 matius,
329 3448 399 3494 nam
422 3447 478 3510 pro
501 3424 664 3515 ἄνέοοιμος
684 3434 805 3497 Maxim.
828 3452 856 3499 n.
880 3436 947 3501 tub.
966 3455 1047 3501 nunc
1064 3434 1220 3523 ἐναίσιμος
1234 3462 1287 3509 re-

185 3541 308 3613 ceptum
331 3536 387 3593 cst.
431 3530 577 3608 Ejusdem
596 3531 735 3611 syllabae
757 3532 849 3597 modo
868 3536 1080 3615 corripiendaa
1101 3540 1194 3604 modo
1210 3558 1286 3624 pro-

185 3628 344 3696 ducendae
373 3630 635 3706 opportuuitatom
656 3630 710 3694 dat
731 3629 895 3697 diversitas
918 3636 1062 3715 originis3
1089 3653 1160 3702 nam
1182 3657 1201 3703 a
1227 3637 1287 3723 μό-

187 3754 241 3811 ρος
271 3729 439 3792 derivatum
469 3733 517 3787 esi
544 3722 690 3808 μόριμος,
721 3748 739 3792 a
765 3725 914 3810 μέμορσοιι
940 3728 1104 3816 μόρσιμος,
1134 3756 1196 3819 quo
1226 3755 1288 3803 nott

188 3828 287 3895 solum
311 3832 423 3907 poetae
445 3829 571 3887 utuntur
591 3825 647 3889 sed
668 3828 846 3893 Herodotus
868 3847 1007 3913 quoque;
1028 3834 1100 3897 item
1117 3835 1190 3903 iilud
1205 3837 1287 3920 quod

186 3926 368 3993 Eustathius
388 3922 510 4001 attingit
530 3939 560 4003 p.
585 3924 674 4010 1472,
695 3926 744 3990 32.
771 3931 830 3991 τοῦ
850 3921 989 4010 ὀφέλλειν
1020 3928 1083 3995 ἔστι
1108 3931 1161 3997 καὶ
1188 3929 1288 4016 ὄνομα

188 4022 273 4104 παρὰ
292 4024 336 4106 τῷ
355 4016 518 4105 Ὀπποανῷ
537 4015 709 4103 comanos,
732 4020 751 4089 ὅ
777 4048 858 4100 τινες
877 4025 929 4091 καὶ
956 4023 1125 4114 ὀφέλοιμον
1150 4030 1289 4114 ἐμραψαν

189 4116 415 4200 abundabas,
435 4118 496 4183 boc
516 4126 567 4185 est
588 4136 607 4184 e
627 4122 730 4187 iuturo
752 4124 874 4190 aeolico
896 4134 930 4191 ut
949 4125 1114 4214 ὶμέροιμος,
1136 4127 1287 4216 νέροιμος,
