2648 4756
74 323 125 386 nr
146 324 238 389 noir.
259 324 550 401 ouovoucrmn.
572 326 648 390 nsr
662 292 880 392 corruant.
905 331 936 393 e.
952 333 985 395 ιι.
1009 342 1037 408 ς.
1052 337 1080 400 c.
1106 339 1175 403 aar

71 489 164 568 stigia
185 492 278 553 etiam
298 491 330 552 in
351 490 513 570 gentilioils
532 492 746 570 reperiuntur;
767 508 838 555 nam
850 495 1029 574 Καλλιιϊκολ,
1042 491 1171 580 Ὀπικοὶ,

66 579 237 669 Ὀμβρικοί,
247 589 276 628 ²⁷
293 581 490 662 Οὐινδελιιιολ,
503 596 675 670 sequuntur
687 596 848 652 accentum
862 590 1068 660 derivatorum
1079 614 1174 677 grae-

69 702 192 768 corum,
226 688 286 750 etsi
310 689 456 767 postremi
484 687 634 752 derivatio
661 704 725 750 non
753 695 898 771 apparet,
917 686 1058 771 Ἕρνικοι
1086 712 1171 777 vero,

67 785 151 864 quod
175 786 214 847 ab
236 786 345 867 bernis,
367 791 401 849 ut
422 785 542 868 dicitur,
563 784 687 849 ductum
709 792 767 867 est,
789 785 897 849 codem
911 787 1002 851 modo
1016 792 1170 877 scribitur,

67 899 131 962 quo
145 878 290 962 Ἕρνικες,
313 886 450 947 tortasse
471 891 504 947 nt
524 883 749 965 metaplastum.
791 885 963 949 Maseulioa
976 888 1090 968 primae
1112 890 1170 955 de-

65 980 241 1044 clinationis
262 998 419 1062 perpauca
439 989 511 1046 sunt
526 976 648 1055 Ἑλίκιις
666 982 792 1046 Helicae
814 984 966 1067 conditor,
986 986 1069 1065 quod
1090 990 1169 1053 blei-

66 1078 175 1142 nolrius
197 1080 316 1159 recepit
338 1079 466 1145 Tbeoor.
489 1081 509 1143 l.
533 1079 601 1144 125.
622 1079 747 1153 κοτλκιις
767 1073 902 1162 ἀλέκτωρ
922 1082 994 1147 llos.
1017 1101 1036 1146 a
1061 1080 1168 1162 κόνιος

66 1196 92 1241 s.
117 1173 274 1252 uonde²⁸
316 1178 398 1241 Sorai
425 1182 459 1241 ιἰι
485 1177 658 1258 scaporum
684 1195 800 1257 perime
828 1179 905 1241 dieti
928 1185 1063 1259 pedicae
1083 1187 1169 1264 qnod

64 1278 135 1339 sinc
166 1276 276 1340 radice
299 1280 479 1339 caecentur
505 1276 580 1339 Plin.
603 1274 681 1340 ΧΗ.
704 1276 751 1340 tt.
774 1271 831 1348 οὓς
858 1278 990 1342 καλοῦσί
1010 1302 1090 1354 τινες
1109 1278 1167 1345 κε’-

63 1375 128 1450 bac
140 1374 209 1438 Atta
223 1375 257 1437 ll.
267 1374 316 1440 61.
330 1375 365 1438 ll
381 1375 432 1438 ubi
448 1373 537 1438 codd.
551 1371 674 1451 κέζικιις
686 1381 717 1438 et
729 1369 860 1452 κεζικάς,
882 1393 1013 1456 quorum
1030 1379 1166 1445 tortasse

61 1471 137 1535 nibil
157 1489 261 1535 veram
283 1473 340 1536 sed
361 1474 463 1550 κεζίας
484 1490 502 1534 a
524 1474 591 1553 pari
613 1473 810 1536 nominativo.
853 1475 900 1537 Ex
923 1477 1013 1538 tertia
1034 1476 1093 1540 buo
1111 1496 1165 1542 ro-

63 1569 190 1633 lerenda
210 1577 281 1633 sunt
298 1565 490 1647 Ἀπελλικῶν,
513 1569 594 1650 quod
617 1569 656 1632 ab
675 1563 818 1651 Ἀπελλῆς
838 1570 1008 1635 derivatum
1033 1574 1163 1661 videtur,

60 1675 93 1732 et
114 1669 269 1732 dotando
290 1670 417 1752 Achaei,
438 1670 489 1750 qui
511 1668 645 1732 Miletum
667 1667 810 1751 prodidit,
826 1685 999 1749 cognomen
1021 1674 1166 1753 utltpol-

61 1768 164 1831 lonius
193 1769 320 1848 scripsit
340 1770 372 1830 in
394 1768 464 1832 Scb.
485 1769 580 1830 Arist.
602 1767 672 1829 Pae.
695 1764 766 1829 364.
794 1765 877 1846 qnod
899 1769 951 1847 qui
972 1785 1040 1832 eum
1063 1787 1082 1833 a
1103 1788 1165 1836 nu-

60 1865 136 1929 trice
159 1866 272 1929 Cilissa
293 1866 455 1945 accepisse
478 1863 609 1945 tradunt,
630 1862 757 1927 Cilicum
770 1865 936 1944 nequitiam
953 1867 1071 1948 vulgari
1084 1885 1164 1949 pro-

58 1963 166 2026 verbio
194 1963 380 2027 celebratam
407 1969 570 2043 spectasse
597 1960 745 2024 videntur.
794 1963 842 2024 Aa
868 1963 1009 2027 similiter
1035 1966 1075 2030 ab
1100 1963 1163 2046 ἕλιξ

60 2060 244 2124 declinatum
267 2057 447 2124 esitando.
478 2059 540 2125 Sed
562 2060 712 2124 Stimicon
734 2061 765 2121 in
786 2059 903 2138 colagis
915 2061 1032 2140 Virgilii
1043 2070 1074 2127 et
1085 2065 1161 2130 Cal-

58 2159 159 2239 purnii
185 2158 232 2221 Vl.
253 2159 303 2225 84.
335 2177 427 2240 quium
456 2160 583 2239 primam
611 2156 761 2235 syllabam
790 2158 952 2241 corripiat,
981 2164 1068 2239 patet
1094 2178 1159 2228 non

57 2264 144 2321 reete
165 2273 184 2320 a
204 2258 322 2322 lloenio
344 2257 382 2320 ad
405 2242 584 2337 erepton.
607 2255 741 2317 conferri
764 2269 831 2316 cum
853 2270 967 2334 graeco
989 2259 1092 2335 Σῖμος
1103 2261 1158 2323 zi.

55 2376 152 2436 μιχος,
174 2354 229 2418 sed
250 2356 356 2435 potius
385 2355 578 2434 peregrinum
606 2354 661 2414 luit
688 2358 721 2414 ut
745 2345 918 2433 Ῥουβίκων
945 2360 976 2416 et
1003 2356 1159 2437 Σιελλχων

57 2455 187 2518 Stiliebo
207 2472 261 2516 seu
283 2453 401 2517 Stilioo.
423 2489 464 2499 -
484 2451 714 2530 ddjectivorum
736 2453 767 2513 in
793 2438 866 2524 ιιιῙς
880 2453 1054 2515 exeuntium
1082 2472 1156 2534 pars

54 2569 165 2630 magna
190 2552 229 2614 ab
249 2551 409 2630 adjectivis
432 2552 579 2628 originem
600 2549 693 2611 habet
714 2541 874 2629 ἀγαθικός,
898 2545 1157 2625 ἁνιλοϊκόςοιοιι-

56 2660 123 2715 tera
145 2651 182 2712 ad
205 2651 314 2728 l'lrrvn.
336 2650 406 2713 228.
431 2655 589 2726 congesta.
630 2649 714 2709 llaec
735 2665 832 2726 genus
866 2657 896 2711 et
925 2653 1154 2719 universitatem

54 2749 226 2828 significant
247 2765 351 2810 earum
373 2765 482 2827 rerum,
504 2765 582 2826 quac
604 2747 765 2824 primitivis
788 2747 975 2828 indicantur,
999 2743 1035 2809 τὸ
1055 2746 1155 2813 εὐδαι-

53 2845 192 2930 μονικόν,
212 2840 247 2907 τὸ
268 2841 459 2926 μνημονικόν
482 2853 540 2906 eto.
570 2843 631 2907 Sed
648 2847 712 2921 Jam
733 2845 884 2905 llomerus
908 2845 1031 2908 turbare
1053 2852 1157 2927 coepit

54 2965 110 3028 pro
140 2940 279 3025 ὀρφανός
304 2960 457 3024 usurpans
486 2936 672 3021 ὀρφανικός,
701 2959 757 3020 pro
784 2937 942 3019 παρθένιος
968 2940 1151 3023 παρθενική,

53 3061 133 3124 ιμιιιο
153 3043 333 3105 Eustatlrius
356 3043 445 3120 lbtid,
469 3042 515 3103 tt.
539 3049 641 3117 typum
665 3039 756 3099 ruodo
773 3038 1024 3116 possessivorum
1039 3038 1152 3104 habore

53 3142 190 3220 adnotat,
211 3158 275 3202 non
296 3142 387 3202 etiam
409 3137 671 3216 significationem.
714 3134 753 3197 Et
775 3134 921 3214 deinceps
944 3136 1009 3198 alii:
1032 3131 1071 3199 od
1090 3135 1152 3218 μό-

51 3262 114 3303 νον-
130 3232 316 3320 βαρβαρικὸς
336 3232 465 3316 πόλεμος
486 3228 563 3296 ἀλλὰ
583 3230 636 3295 καὶ
656 3228 810 3314 βάρβαρος
832 3233 936 3296 Tltom.
970 3236 1016 3297 Ab
1029 3237 1151 3300 Sclrae-

52 3341 137 3403 ierus
158 3339 189 3399 in
211 3337 311 3398 llelct.
336 3353 364 3416 p.
385 3335 433 3398 to.
456 3336 486 3397 in
508 3330 718 3395 describendis
739 3331 898 3409 utriusque
920 3331 1063 3408 adjectivi
1084 3334 1152 3395 lini-

51 3438 109 3501 bus
132 3452 194 3496 nou
215 3434 344 3496 ulterius
366 3448 553 3513 progressus
575 3436 623 3492 est
644 3445 734 3509 qnam
756 3434 788 3490 ut
809 3424 996 3508 βαρβαρικάς
1022 3445 1092 3490 raro
1113 3431 1151 3495 de

50 3534 189 3598 moribus
212 3532 270 3594 diei
289 3532 506 3612 pronunciaret
528 3528 582 3592 sed
604 3528 787 3607 saepissime
810 3523 847 3586 de
868 3525 906 3586 iis
929 3541 1012 3604 puae
1032 3545 1151 3604 praeeo

50 3651 116 3696 ooo
137 3635 222 3712 suot,
245 3630 288 3692 ed
310 3630 478 3692 Graeciam
500 3627 578 3690 nibil
601 3626 772 3706 pertinent.
823 3620 912 3698 Quod
939 3640 1002 3685 non
1025 3625 1150 3687 multum

48 3787 356 3799 -—....——-

118 3878 165 3943 27]
190 3877 234 3930 Sic
251 3876 357 3943 Diouis.
376 3875 445 3929 Antt.
464 3876 485 3928 l.
503 3875 545 3930 22.
566 3879 592 3928 ct
609 3870 705 3927 llerod.
724 3868 745 3923 t.
765 3871 805 3924 bt.
824 3868 872 3923 scd
886 3869 1027 3935 Ὅμβρικοι
1047 3869 1088 3922 tv.
1106 3875 1148 3929 49.

115 3967 161 4031 28)
185 3966 258 4021 Idem
276 3964 401 4017 Κόττικοι
418 3966 447 4014 rei
466 3963 679 4034 ntprxsrpodaim
698 3964 835 4026 cognatum
856 3974 914 4011 cum
933 3956 1011 4021 κότιρ
1026 3974 1048 4012 s.
1063 3968 1150 4022 κοπίς

50 4055 137 4116 caput,
155 4049 203 4104 sed
221 4052 349 4117 scriptura
369 4047 447 4100 dubia
464 4053 492 4099 ut
508 4046 587 4098 multa
605 4043 724 4110 eiusdem
740 4042 836 4091 ὀλλκοι
855 4039 1009 4107 deremitat,
1024 4042 1150 4112 ὀρβικιν

51 4132 98 4184 τὸν
114 4134 290 4200 χιτωνίσκον,
308 4127 469 4198 Σμιίρδικον
485 4130 645 4197 στρουθίον,
663 4128 762 4189 Σηνίκη
781 4124 897 4192 depexos
913 4122 1007 4191 ἅμαξα
1025 4131 1076 4183 etc,
