2648 4756
189 327 263 397 288
534 323 860 394 nlssnltrhrlo
898 328 946 395 vl.

194 495 262 577 pria
282 505 405 573 quoque
418 484 553 572 Ἄραβος
572 488 716 573 Hesiodi,
735 485 866 573 ’Ἅλαβος
893 495 1019 561 Siciliae
1043 497 1149 562 durius
1176 498 1228 578 qui
1258 506 1291 561 et

190 588 328 673 Ἀεάβων
348 588 459 653 dicitur
480 604 509 653 v.
530 585 617 651 lleld.
640 586 680 651 ad
700 587 779 653 Plut.
803 590 836 655 ll.
859 592 966 657 Timol.
989 594 1093 660 XXIV.
1114 603 1145 660 et
1163 597 1290 676 hupert·

192 690 232 756 ad
254 690 308 755 Sil.
331 687 407 753 lllll.
428 686 498 751 227.
521 684 644 765 (omiss.
664 685 697 748 in
719 686 786 769 l'h.)
807 684 955 771 Μὲταβος
969 692 1051 774 virg.
1067 696 1143 759 Aen.
1156 694 1204 758 lll.
1219 694 1289 757 540.

193 785 338 873 reprobos
357 788 471 851 rocon
490 783 512 849 l·
531 783 602 848 rte.
629 780 808 866 Mamilius
833 789 960 855 sueton.
987 791 1024 856 v.
1052 792 1163 857 octav.
1188 808 1214 856 e.
1241 790 1290 856 98.

198 883 421 968 Ψευδαρτάβας
445 881 604 963 Aristoph.
635 883 786 966 Σαίιαβια
812 887 867 953 sil.
896 888 961 954 ltal.
989 889 1037 954 lll.
1063 891 1161 956 374⁵
1177 882 1291 971 Ἑκάβη

192 995 250 1055 ete.
271 985 352 1051 unde
374 985 465 1047 etiam
487 980 525 1044 de
545 981 660 1060 ignotis
677 982 826 1062 judicium
840 986 944 1050 lacere
961 987 1047 1052 licet:
1069 984 1205 1072 Δανᾶβη
1219 989 1290 1053 urbs

188 1086 326 1154 Persidis
347 1083 460 1147 Zosim.
481 1079 530 1143 lll.
552 1078 602 1144 27.
625 1081 745 1158 (omiss.
767 1082 799 1144 in
821 1083 889 1165 Th.)
907 1077 1059 1167 Ὀειιιὶβας
1086 1087 1205 1167 Scytha
1224 1088 1292 1167 Ap-

191 1190 272 1271 pian.
293 1183 392 1249 hlithr.
414 1197 440 1245 e.
462 1178 512 1244 79.
535 1172 695 1259 Λάιτιιβος
714 1181 846 1245 Aetolus
867 1182 975 1263 Polyb.
997 1184 1046 1249 lll
1067 1184 1118 1267 34,
1141 1186 1190 1251 11.
1218 1183 1290 1248 Σά-

190 1287 285 1370 λαβος
303 1285 429 1348 maurus
450 1280 508 1343 Dio
530 1279 617 1343 Cass.
638 1276 699 1340 LX.
722 1277 751 1343 9.
771 1276 922 1363 Nicasius
951 1283 1097 1364 oppidum
1125 1284 1232 1362 Syriae
1258 1289 1291 1346 et

191 1380 393 1464 Βαστάναρος
405 1378 507 1461 (Βατ.)
525 1378 658 1442 Arabiae
674 1377 780 1458 Steph.
801 1379 891 1444 Olabi
912 1398 989 1462 gens
1010 1382 1197 1462 Aethiopiae
1214 1381 1290 1445 Plin.

191 1485 239 1549 vl.
252 1482 302 1547 35.
320 1474 456 1563 Ἀράβιες
473 1472 567 1549 ἔθνος
581 1469 713 1539 haerebo
732 1471 890 1559 ἐπώνυμοι
909 1481 1053 1561 ποταμοῦ
1066 1472 1209 1563 Ἀράβιος
1229 1483 1291 1544 Ar-

190 1584 266 1648 rian.
288 1579 351 1644 lnd.
369 1594 395 1644 e.
410 1576 486 1643 lllll.
508 1576 557 1639 cui
579 1575 678 1638 simile
691 1571 887 1658 Κυιιιάραβις
897 1580 1049 1657 gymnasii
1062 1578 1216 1643 Corinthii
1230 1595 1290 1642 no-

190 1697 281 1758 men3
310 1685 482 1741 ceterorum
509 1672 624 1735 nullum
644 1674 677 1737 in
699 1673 828 1737 Graecia
847 1691 994 1755 germana
1013 1678 1177 1758 reperitur.

272 1783 303 1850 §-
325 1775 355 1838 2.
395 1773 477 1837 ldem
506 1771 659 1835 transiere
688 1769 727 1833 ad
756 1788 794 1835 ea
822 1790 902 1854 quae
930 1775 1150 1857 diphthongum
1178 1779 1212 1839 in
1232 1792 1289 1857 pa-

188 1873 286 1940 raleri
307 1870 430 1951 habent,
454 1865 608 1951 Χόλαιβος
634 1883 691 1931 rex
716 1868 850 1934 Arabiae
880 1875 1000 1939 Arrian.
1029 1875 1142 1956 Peripl
1168 1874 1287 1954 Erythr.

188 1990 217 2055 p.
241 1970 308 2037 154,
333 1965 528 2051 Πράσειιῷοι
553 1963 647 2041 ἔθνος
677 1966 894 2051 emonem
921 1973 1028 2053 Steph.
1055 1981 1087 2038 et
1115 1969 1288 2055 Hippothoe

186 2078 221 2136 nt
241 2068 321 2133 idem
343 2069 451 2132 scribit
473 2071 603 2131 accentu
626 2065 758 2150 aeolico,
781 2069 894 2150 quippe
915 2086 1027 2134 nomen
1054 2071 1116 2135 hoc
1141 2072 1287 2153 περαίνεις

187 2170 376 2250 algnilcare3
405 2167 557 2231 llomems
589 2163 780 2246 lleporpoe‘e,
810 2170 905 2232 ceteri
936 2164 1133 2251 Πεῤῥαιβούς
1165 2178 1284 2235 vocant.

188 2268 374 2334 Graecomm
396 2263 650 2345 appellativorum
670 2262 785 2328 nnllnm
806 2264 867 2329 boc
887 2265 979 2330 modo
1008 2268 1206 2363 terminatur,
1234 2287 1285 2353 per

187 2366 310 2448 epsilon
330 2362 391 2426 duo
411 2359 517 2445 κελέβη
538 2368 569 2425 et
589 2357 701 2444 ἔρεβος,
722 2380 852 2444 quorum
879 2364 1008 2428 alterum
1034 2365 1284 2453 incomparabile,

187 2464 275 2530 alteri
302 2458 406 2544 ὄρφνη
433 2460 608 2542 adjunctum
635 2468 700 2543 est,
735 2469 766 2526 et
794 2477 893 2544 panea
921 2464 1047 2543 propria
1071 2456 1231 2549 Ἀσιελὲβη
1257 2476 1284 2532 et

189 2557 335 2642 Πνέβιβις
355 2560 458 2641 urbes,
479 2559 557 2622 haec
571 2560 712 2642 Aegypti,
735 2560 788 2621 illa
809 2559 923 2638 Lydiae
946 2560 1051 2641 Steph.
1071 2563 1192 2628 Alebus
1209 2567 1284 2628 lluuii

184 2676 296 2723 nomen
317 2658 424 2722 Avien.
446 2657 497 2723 Or.
520 2658 593 2721 llar.
615 2656 684 2721 446.
710 2653 840 2740 mistos
864 2660 922 2720 viri
943 2658 1043 2722 Nonn.
1065 2659 1187 2726 mli.
1220 2664 1282 2729 187.

184 2756 224 2823 Et
245 2772 324 2837 quae
346 2763 397 2820 cta
417 2755 531 2819 babent
552 2763 605 2819 aut
626 2757 753 2838 propria
771 2765 843 2820 sunt
864 2762 917 2819 ant
938 2772 1000 2819 non
1022 2757 1052 2819 in
1075 2760 1203 2838 publico
1225 2780 1283 2844 po-

185 2858 246 2923 sita
273 2851 432 2937 Τόῤῥηβος
453 2855 558 2936 Steph.
580 2863 638 2919 etc.
660 2856 707 2918 eni
730 2869 900 2918 consonam
923 2854 1055 2917 detraxit
1076 2856 1210 2923 Nonnus
1230 2864 1282 2923 To

184 2950 296 3039 ρὴβιον
315 2951 394 3018 ἄσιν
413 2953 490 3018 Xlll.
511 2952 580 3018 466.
603 2948 802 3034 namecha
828 2951 964 3032 ejusdem
984 2953 1099 3031 Lydiae
1128 2958 1281 3041 oppidum,

184 3049 306 3133 Σόηβοι
335 3054 427 3116 sueri
459 3052 560 3117 Strab.
585 3052 630 3117 lv.
658 3051 725 3116 194.
759 3047 900 3132 Τένὸηβα
929 3051 1034 3130 Stepb.
1061 3050 1200 3138 Κυβήβη
1229 3056 1282 3121 dea

183 3149 355 3231 peregrina,
379 3152 467 3227 cujus
489 3166 643 3212 nomen-a
663 3165 776 3227 graeco
798 3143 880 3230 eope
901 3148 1069 3213 derivatum
1093 3158 1124 3215 et
1152 3153 1281 3219 indidem

182 3246 320 3310 cultores
342 3245 418 3308 deae
448 3248 600 3310 fanaticos
627 3243 785 3328 κνβήβονς
814 3256 945 3312 vocatos
972 3267 1045 3315 esse
1073 3252 1165 3330 quasi
1194 3255 1281 3336 κυβι-

182 3347 333 3426 στῶντας,
354 3345 445 3409 nimis
465 3345 644 3410 incredibile
665 3352 730 3422 esl3
763 3341 887 3429 κωχήβη
912 3343 1028 3429 μήποτε
1052 3342 1072 3412 ὁ
1100 3345 1280 3432 λάσταυρος

179 3440 314 3529 κώεηβοι
340 3441 400 3526 γὰρ
427 3443 458 3508 oi
484 3446 595 3525 ταῦροι
615 3443 701 3508 l‘hot.
731 3443 813 3524 quod
843 3446 998 3526 quomodo
1028 3449 1143 3530 corripi
1172 3450 1280 3517 debeat

245 3726 274 3794 6)
292 3725 349 3779 llce
373 3730 401 3781 et
426 3723 478 3777 alia
500 3724 675 3791 praetermisit
698 3722 792 3778 Aread.
819 3740 845 3792 p.
871 3725 914 3781 29.
939 3725 1062 3786 ὀξύνεται
1086 3728 1241 3800 παρώνυμα
1262 3726 1275 3794 i

179 3806 322 3860 incederem}
339 3810 431 3874 n'topte
446 3837 481 3847 -
498 3810 677 3872 σεσημείωται
696 3806 725 3858 τὸ
742 3808 876 3874 καλλαβίς.
912 3808 950 3859 Τὰ
969 3809 998 3861 di
1017 3808 1098 3878 κύρια
1118 3808 1132 3875 ἢ
1150 3830 1274 3881 npccryyc·

177 3890 241 3956 (ιικιὶ
253 3889 408 3959 βαρύνεται,
423 3888 579 3959 Ἀθιὶραβις,
599 3888 736 3956 κάνναβις·
755 3894 934 3956 σεσημείωται
949 3890 979 3942 τὸ
994 3892 1129 3960 καλλαρίε.
1155 3895 1206 3950 Pro
1216 3896 1272 3947 xoi-

176 3970 251 4037 inpie
271 3976 352 4038 primo
371 3974 430 4026 loeo
458 3971 624 4028 scribendum
650 3971 788 4038 κάνναβις,
815 3973 884 4039 qnod
910 3979 950 4028 est
970 3989 1129 4043 paronymon
1152 3992 1169 4033 a
1193 3978 1272 4040 κάννη

174 4051 318 4119 κάνναβις.
352 4055 409 4112 Nee
427 4056 568 4110 mirandum
586 4054 658 4111 idem
676 4055 716 4110 bis
735 4056 829 4115 alieni,
848 4057 957 4122 primurn
983 4059 1008 4112 in
1036 4064 1202 4130 phronyme,
1225 4062 1272 4118 de·

172 4135 235 4193 inde
252 4139 278 4189 in
299 4139 471 4205 appellativis.

1307 4336 1321 4673 l
