2648 4756
162 319 209 385 ea
344 336 347 341 ,
526 308 914 405 orssnarnrror
1004 348 1010 359 .

165 483 262 546 tuisse
283 486 429 543 testatum
457 479 573 542 iaeinnt
595 478 743 558 reliquiae
765 477 858 555 longe
880 473 1063 554 dispersae:
1096 471 1166 535 τοῖν
1185 471 1272 554 atreis

164 579 195 642 ol
213 575 321 641 τέλειοι
339 573 448 660 τρόμοι
467 574 522 640 καλ
542 575 657 654 tiator,
689 571 765 658 ἡόὲ
785 567 914 656 ἐχομένη
935 564 1041 654 ἡλικία
1070 571 1217 653 χόμαροι,
1239 569 1271 632 τό

164 674 198 741 δὲ
217 673 355 740 νεώτατοι
376 673 485 758 ἔριφοι
531 672 706 757 Προβάτων
725 668 765 735 τὰ
784 668 842 754 μὲν
860 666 958 733 τέλεια
978 663 1043 743 ὄϊες
1059 666 1117 733 καὶ
1136 668 1269 749 κριολκιλ

164 769 294 856 devetat·
316 770 355 837 τὰ
375 769 408 836 δὲ
429 769 485 836 νέα
506 768 595 852 ἄρνες
613 769 666 836 καὶ
679 765 772 854 ἀμνολ
791 805 833 816 -
853 786 934 851 quae
948 769 1100 832 subtilius
1120 770 1274 850 distinguit

164 873 244 937 ister
265 890 314 953 ap.
336 871 452 936 Snidan
474 889 499 935 s.
517 865 643 952 Ἀμνός,
668 871 852 934 tenerrimos
874 884 1017 948 quosque
1038 862 1146 948 ἄρνας
1165 870 1275 949 adeam,

165 969 335 1035 adultiores
357 963 476 1051 ἀμνούς
496 965 549 1031 καὶ
569 963 670 1048 ἀμνός
690 1005 732 1015 -
753 968 848 1030 Βοῶν
870 965 901 1029 oi
921 962 1029 1029 τέλειοι
1050 968 1180 1048 ταῦροι,
1199 965 1231 1028 αἱ
1244 961 1275 1028 δὲ

164 1063 287 1150 θήλειαι
304 1062 374 1150 βόες
392 1063 501 1148 μόνον,
522 1063 560 1128 τὰ
582 1063 616 1130 οὲ
636 1063 692 1131 νέα
713 1062 847 1147 βαμόλαι
868 1062 921 1129 καὶ
939 1061 1089 1145 δαμάλας
1104 1062 1163 1128 καὶ
1174 1061 1276 1146 μόσχοι

165 1166 218 1231 καὶ
244 1164 347 1246 πόριες
373 1163 395 1247 ἢ
415 1158 536 1245 πόρτιες
556 1163 609 1228 καὶ
629 1161 777 1246 αόρτακες
804 1165 891 1228 urst.
915 1164 1006 1246 1625,
1026 1164 1070 1228 32
1085 1199 1128 1209 -
1141 1164 1194 1228 13.
1220 1159 1277 1225 dit·

165 1286 261 1350 φαιιις
280 1265 312 1329 οἱ
329 1262 475 1328 νεώτατοι
495 1268 609 1345 χοῖροι,
631 1261 662 1326 oi
681 1257 787 1326 τέλειοι
807 1260 861 1325 καὶ
872 1258 996 1343 ὲνόρχαι
1010 1257 1131 1340 κάπροι
1146 1279 1178 1341 p.
1193 1261 1276 1341 1752,

169 1364 215 1431 10,
236 1359 363 1445 ἐλάφων
382 1357 421 1424 τὰ
441 1358 497 1424 νέα
517 1362 630 1443 νεβροί,
651 1357 690 1424 τὰ
709 1357 787 1442 μέσα
807 1357 950 1441 κεμάδος,
978 1357 1018 1424 τὰ
1038 1355 1076 1423 δὲ
1096 1354 1201 1423 τέλεια
1219 1355 1273 1423 ee

165 1484 224 1546 φοι
242 1478 273 1543 ρ.
294 1460 364 1542 tii,
386 1459 434 1523 38.
476 1459 548 1523 Non
568 1468 617 1523 est
639 1461 762 1523 dubium
782 1463 856 1540 quin
872 1459 951 1523 baeo
964 1458 1150 1523 discrimina
1166 1476 1188 1522 a
1202 1457 1274 1522 mul·

167 1563 207 1627 tis
235 1559 378 1640 neglecta
405 1558 467 1620 sint
488 1564 520 1620 et
548 1560 732 1638 saepissime
759 1560 892 1621 omnium
914 1574 933 1619 e
954 1558 1077 1639 poetis,
1107 1558 1194 1621 sieut
1216 1555 1276 1636 θρ-

167 1659 278 1740 planas
300 1651 442 1736 ἀρνονόν,
472 1673 533 1735 quo
557 1655 753 1719 Grammatiei
780 1656 915 1720 aduttum
944 1654 1114 1732 signidoari
1143 1671 1276 1717 eonsen-

167 1758 244 1819 tiunt
273 1753 376 1817 Seirol.
399 1753 431 1815 ll.
455 1753 503 1816 iil.
527 1752 593 1817 119.
622 1754 720 1817 Crem.
740 1750 764 1818 l.
787 1754 836 1817 33.
867 1753 904 1816 ad
927 1753 1108 1816 subrumum
1132 1753 1273 1816 transfert

167 1853 241 1932 Cyn.
263 1851 310 1915 IV.
331 1850 380 1914 811.
403 1859 433 1913 et
454 1850 503 1914 93.
533 1850 723 1931 eundemque
750 1847 882 1932 χιμόρον
909 1847 1008 1932 γόνον
1034 1859 1132 1914 vocat
1161 1869 1190 1916 v.
1208 1850 1272 1916 216.

167 1950 290 2015 sublato
319 1966 381 2010 non
410 1950 522 2012 aetatis
551 1948 653 2011 solum
681 1948 737 2011 sed
759 1950 851 2012 etiam
872 1951 996 2029 generis
1018 1947 1218 2032 discrimine,
1244 1956 1271 2012 et

166 2056 276 2110 contre
303 2046 456 2110 Nicander
482 2047 531 2111 Al.
554 2046 623 2109 150.
644 2039 742 2126 ἀμνὸς
766 2044 914 2132 κεράστης
935 2047 1011 2109 dixit
1033 2041 1095 2110 ούκ
1116 2043 1225 2129 ὀρθῶς
1242 2057 1272 2110 ut

168 2145 361 2210 scholiastes
377 2148 429 2228 uit,
453 2147 526 2227 quin
545 2137 643 2226 ι’ςινός
653 2141 707 2207 καὶ
718 2141 800 2227 ἀμνή
819 2141 855 2208 τό
868 2139 1000 2226 νεογνὸν
1016 2142 1069 2208 καὶ
1087 2142 1161 2229 ἄρτι
1172 2143 1274 2228 τεχθέν

166 2243 281 2308 λοοοιλ.
309 2244 404 2308 Betrk.
432 2244 501 2309 205.
529 2242 585 2306 sed
614 2244 705 2306 etiam
732 2245 764 2306 in
792 2244 884 2324 Orpb.
912 2247 985 2322 Arg.
1006 2244 1077 2307 319.
1109 2247 1204 2309 boib
1229 2244 1273 2308 m

168 2357 196 2406 n.
220 2343 287 2407 150.
310 2345 378 2407 ovis
400 2343 448 2406 lae
470 2342 624 2423 praebens
647 2335 744 2422 ἀμνός
764 2351 894 2405 vocatur
915 2341 1090 2421 ibidemque
1113 2339 1174 2421 ὄϊς,
1199 2360 1274 2424 qnae

168 2443 280 2504 aetatis
302 2441 463 2504 intervallo
493 2439 640 2504 distinete
668 2457 741 2503 esse
762 2439 854 2503 docet
877 2442 948 2504 Seb.
970 2442 1101 2504 Tbeocr.
1126 2443 1147 2505 l.
1170 2441 1201 2507 6.
1221 2458 1276 2505 nee

170 2542 269 2603 minus
300 2538 380 2600 itura
402 2546 474 2600 sunt
495 2539 619 2601 nomina
642 2534 795 2618 σκύμνος,
826 2536 951 2622 νεβρός,
981 2534 1098 2619 μόσχος
1124 2556 1153 2604 ν.
1176 2540 1276 2603 Sobel.

167 2635 239 2700 Eur.
261 2634 334 2697 lieo.
356 2634 425 2699 202.
449 2635 553 2699 Sobol.
578 2636 610 2699 ll.
632 2636 722 2699 iuuit.
746 2634 813 2700 181).
855 2637 913 2701 Ubi
935 2654 1009 2701 vero
1031 2636 1070 2699 ad
1092 2653 1158 2700 rem
1179 2639 1276 2716 perti·

168 2740 222 2797 net
253 2735 364 2797 aetatis
394 2733 508 2813 gradus
541 2741 571 2797 et
598 2735 788 2797 incrementa
817 2737 960 2815 eorporis
987 2735 1116 2814 propria
1147 2735 1276 2815 quadam

169 2839 244 2896 nota
265 2833 396 2914 signari,
431 2840 502 2895 tuno
525 2833 578 2894 iiia
599 2835 753 2896 nominum
774 2835 909 2896 varietas
938 2833 1099 2913 plurimum
1124 2841 1277 2913 opportu-

120 2931 124 2941 '
169 2933 275 2996 nitetis
297 2931 398 2994 babet.
439 2930 547 3010 Neque
575 2933 606 2993 iu
636 2934 824 2995 necessariis
853 2931 992 2994 substitit
1019 2931 1097 2992 baeu
1120 2931 1277 2996 subtilitas

171 3029 226 3092 sed
248 3045 417 3109 progressa
444 3035 492 3091 est
513 3029 608 3092 ultra:
646 3028 677 3091 ot
702 3024 759 3110 μὶν
781 3031 912 3111 μείζονες
939 3022 1053 3092 αὐτῶν·
1073 3021 1278 3109 ὀνομάζοιντο

169 3128 381 3203 πλατίστακοι,
410 3125 441 3187 oi
466 3122 499 3188 δὲ
525 3123 622 3208 μέσην
647 3121 770 3209 ἡλικίαν
797 3124 914 3208 ἔχοντες
933 3123 1059 3208 μύλλοι,
1088 3126 1121 3188 οἱ
1140 3124 1175 3191 δὲ
1195 3126 1278 3211 βαιοὶ

170 3219 334 3306 dyadema
354 3223 464 3288 Athen.
488 3226 538 3289 lll.
562 3224 629 3290 118.
652 3226 684 3290 C.
705 3219 726 3309 ἡ
745 3221 888 3309 πηλαμύς
907 3226 1020 3298 evenus
1041 3228 1197 3306 καλεῖται,
1218 3229 1276 3310 net·

170 3325 231 3402 ζον
251 3320 284 3387 dl
304 3316 451 3405 γενομένη
472 3319 603 3401 θύννος,
624 3320 667 3387 ἔτι
688 3320 721 3387 δὲ
733 3325 843 3406 μείζων
858 3321 1000 3404 ὄρκυνος,
1022 3316 1278 3406 ὑπερβαλλόντως

170 3418 203 3485 δὲ
223 3416 376 3504 αὐξομένη
396 3421 489 3504 κῆτος
508 3423 569 3515 Vll.
584 3440 612 3502 p.
625 3422 695 3487 303.
709 3422 743 3486 B.
764 3439 844 3502 quae
860 3424 1045 3485 cetariorum
1064 3423 1192 3488 inventa
1205 3444 1277 3490 esse

171 3524 325 3590 crederes.
365 3525 413 3585 be
438 3538 476 3585 ne
505 3523 532 3585 is
555 3521 676 3601 quidem
703 3519 841 3584 variandi
862 3520 946 3601 bnis,
977 3519 1033 3583 sed
1060 3528 1092 3583 et
1122 3524 1275 3588 iruetnnm

170 3620 440 3685 maturescentium
469 3629 500 3682 et
521 3622 775 3684 marcescentium
797 3617 1025 3681 vicissitudines
1047 3617 1277 3701 distinguuntur

170 3719 344 3781 nominibus
372 3718 521 3798 propriis:
557 3718 681 3798 πρῶτον
707 3714 767 3798 γάρ
795 3713 878 3779 ἐστιν
898 3712 1049 3794 ὄλυνθος,
1078 3710 1142 3780 εἶτα
1162 3718 1274 3803 mitet,

170 3807 235 3877 site
256 3817 356 3879 σῦκον
375 3812 427 3897 καλ
447 3810 559 3879 λοιπόν
578 3811 664 3896 ἰσχάς
684 3816 749 3880 uu.
767 3816 837 3898 tiu,
857 3814 941 3880 19.61
963 3813 1076 3897 βότρυς
1096 3815 1127 3880 οἱ
1145 3813 1203 3898 μὲν
1224 3812 1275 3901 ὀρ-

235 4049 280 4116 81)
303 4048 392 4102 Paullo
413 4051 488 4105 aliter
504 4050 592 4105 Sobel.
612 4049 673 4115 byc.
691 4050 750 4149 d28.
770 4046 905 4114 ρῆληξτο
892 4051 1025 4118 radypaea
1095 4054 1207 4110 endi·
1208 4057 1274 4107 ννος

169 4127 225 4180 τόν
185 4128 319 4199 ον’ἱνοιρν
335 4131 388 4197 μὲν
404 4132 552 4200 «stiwerd,
571 4131 621 4183 οῦκ
673 4129 825 4201 κούριμον
