2648 4756
182 324 256 394 282
296 324 396 391 niso.
413 324 451 391 V.
475 322 529 389 nli
549 321 770 389 NOMINIBUS
791 322 833 388 IN
852 323 873 407 ρ
890 320 1145 389 exultemus,
1167 329 1198 399 ς.
1213 324 1243 389 6.

181 498 281 557 turam
301 489 395 555 exuit.
431 486 495 554 Soti
513 481 665 571 πελώριος
683 486 755 553 huie
775 489 921 553 convenit
941 493 1069 569 propter
1087 486 1209 551 breuius
1226 481 1283 550 πέ-

180 591 290 671 λορος.
324 588 436 653 Cetera
457 586 641 651 dicataloeta
662 588 837 667 composito
858 595 946 663 onnt3
973 581 1101 669 ἀολροος,
1120 581 1283 667 praecoces

181 704 240 769 pro
267 681 413 772 oleocpoc
442 681 579 767 ολκόριος
604 684 689 750 Pinrl
717 686 757 749 ab
784 682 858 768 ὄρος
890 680 1017 768 ὁμόριος
1044 686 1114 749 sive
1141 679 1283 766 ὁμούριος

180 781 344 868 μεθόριος,
372 784 457 868 qued
482 784 584 850 solum
605 782 779 848 dominatur
805 785 935 867 expulso
963 779 1117 867 μέθορος,
1143 782 1201 846 sed
1221 791 1283 845 sta-

183 892 246 949 tum
277 900 367 948 snum
394 890 520 948 tenuere
545 876 723 965 μὲοοορος
714 897 746 944 m
769 882 842 947 Tab.
864 883 983 946 lleracl
1003 877 1146 964 μέσωρος
1167 890 1200 945 et
1217 896 1284 997 peo-

181 978 279 1066 οόρης
297 978 390 1065 μέσος
410 998 459 1061 ap.
481 980 615 1059 llespelr.
635 975 794 1077 μεσοώρης
816 981 952 1060 Theegn
972 999 1002 1062 p.
1021 982 1073 1045 te.
1095 982 1283 1044 ubioseeo-

181 1102 238 1163 ρης
258 1080 422 1161 vulgatum
456 1078 649 1143 Positionum
669 1100 708 1161 ης
728 1085 759 1142 ot
780 1101 816 1154 ος
835 1079 1018 1144 vicissitudo
1037 1078 1179 1143 eadem
1171 1096 1202 1141 rn
1222 1080 1284 1142 aliis

181 1197 244 1262 qua
263 1179 456 1260 simplicibus
477 1194 539 1259 lpua
560 1179 753 1261 compositis,
775 1195 855 1259 quae
880 1195 1033 1260 persaepe
1062 1177 1210 1257 distingui
1231 1194 1285 1239 ne-

182 1285 313 1361 meunt:
332 1270 476 1360 ὖλούςοε
495 1282 525 1339 ⁰¹
538 1268 732 1357 titueois‘v
712 1296 830 1359 orroeos
842 1271 960 1361 totos
976 1285 1007 1341 θλ
1026 1273 1189 1359 oeteo,
1209 1298 1284 1356 vor

181 1372 239 1460 ρός
259 1369 448 1471 eQaplers
467 1368 678 1455 νοονεχόντως
697 1374 770 1438 Ηοε.
790 1367 918 1458 ἆτηρός,
940 1370 1110 1459 ὀμβρηρός,
1131 1371 1285 1457 molinons

183 1481 263 1539 et-
282 1494 375 1557 ηρης,
403 1488 545 1553 quaeque
570 1472 795 1553 significatione
821 1490 885 1538 non
910 1475 1010 1538 minus
1031 1490 1123 1555 qnam
1144 1491 1285 1538 mensura

183 1572 325 1639 litterum
344 1566 472 1652 λιπαρός
492 1565 673 1653 cucumis,
694 1568 751 1634 sed
767 1573 922 1652 scriptura
934 1571 1027 1636 modo
1042 1571 1193 1636 distincta
1210 1567 1283 1635 ὑδα-

182 1668 234 1756 ρὲς
259 1667 296 1734 τὸ
324 1664 445 1750 coepto
464 1669 537 1734 Hes.
565 1670 597 1732 in
619 1669 731 1749 quibus
758 1669 878 1733 variant
907 1670 976 1734 libri
1000 1670 1033 1734 in
1055 1670 1143 1734 Alex.
1173 1672 1284 1752 Fragm,

182 1787 214 1852 p.
233 1768 304 1833 tet.
338 1767 405 1831 Vol
426 1767 476 1831 lll.
497 1783 662 1832 mensurae
682 1765 858 1831 discrimine
879 1768 973 1853 nullo,
994 1770 1054 1833 ctst
1075 1770 1195 1833 Moeris
1216 1763 1284 1832 oto-

181 1862 233 1950 ρές
259 1867 354 1930 altico
381 1866 511 1947 corripi,
544 1865 638 1946 uulgo
660 1865 804 1946 protendi
825 1864 970 1947 affirmal3
998 1865 1036 1930 ad
1058 1868 1199 1933 ultimum
1220 1884 1284 1932 ere

179 1960 273 2049 ηορης
299 1961 354 2028 καὶ
380 1958 526 2045 ereptoris
553 1962 637 2027 Suid.
666 1963 831 2029 Coronidis
859 1963 930 2026 loco
959 1963 1099 2045 alliciam
1126 1982 1284 2048 syncopae

182 2071 386 2130 commentum
409 2061 513 2128 Schol
534 2060 647 2127 Aeson.
667 2061 754 2125 Pers.
776 2079 804 2126 v.
825 2061 852 2126 1.
871 2057 943 2124 τάδε
963 2057 1022 2144 μὲν
1043 2065 1178 2147 Περσῶν
1198 2060 1284 2128 πιστὰ

182 2166 317 2228 καλεῖται
337 2198 379 2212 ·-
398 2155 488 2234 πόλις
507 2155 569 2223 ἐστὶ
585 2160 716 2242 Περσῶν
732 2159 878 2241 messapo
897 2156 1082 2243 καλουμὲοη,
1106 2160 1151 2245 ἣν
1171 2160 1283 2246 συγκό-

180 2268 245 2339 ρος
264 2254 427 2342 ὁποοητὴς
447 2253 625 2341 Πίοτοέφη.
655 2258 813 2322 Somnium
827 2257 888 2321 lroc
902 2264 962 2343 ost,
982 2259 1038 2323 sed
1052 2263 1161 2325 nititur
1175 2264 1283 2327 obser-

179 2362 306 2425 rationo
335 2358 478 2422 licentiae
499 2355 677 2438 popularis,
711 2371 773 2436 qua
799 2358 926 2421 nomine
951 2361 1114 2439 peregriua
1142 2363 1230 2425 varie
1257 2368 1283 2424 et

179 2458 389 2540 multiplieiter
408 2452 635 2534 interpolantur
663 2469 732 2516 cum
759 2453 820 2516 alia
848 2460 910 2517 turn
932 2458 1023 2520 etiam
1045 2474 1125 2538 qnae
1148 2459 1190 2522 ed
1211 2461 1283 2522 hanc

181 2557 426 2620 terminationem
454 2552 623 2631 pertinent:
658 2545 790 2632 Κοάρης
816 2569 873 2632 pro
900 2550 1067 2637 Κυαξάρης
1095 2574 1122 2619 v.
1154 2558 1283 2620 Schnei-

180 2653 288 2717 dewin.
317 2650 355 2714 ad
382 2650 465 2730 lbyc.
493 2668 522 2731 p.
546 2648 614 2715 194
642 2646 800 2731 Κοτύωρα
824 2645 915 2725 πόλις
934 2645 954 2734 ἡ
975 2654 1038 2715 νῦν
1056 2649 1143 2736 παρὰ
1163 2660 1283 2730 πολλοῖς

180 2747 320 2828 Korope
339 2742 486 2830 λεγομένη
508 2746 591 2812 Suid.
612 2765 640 2812 r.
662 2747 793 2812 Dissert.
816 2749 851 2812 ll.
873 2765 899 2812 c.
923 2749 951 2815 6.
973 2758 1003 2825 §-
1027 2751 1056 2816 3.
1099 2753 1204 2828 Quare
1225 2772 1282 2817 non

178 2849 306 2915 multum
334 2847 485 2911 dissentio
514 2847 553 2910 ab
581 2847 814 2911 enarratoribus
835 2848 934 2931 Festi,
963 2845 1125 2931 καλάοιρες
1154 2853 1281 2916 celassis

180 2956 212 3013 et
241 2947 374 3012 celassis
401 2945 481 3010 idem
505 2959 620 3007 nomen
648 2961 721 3008 esse
748 2947 965 3013 statuentibus.
998 2949 1032 3012 ln
1051 2947 1164 3014 Parall.
1187 2969 1216 3032 p.
1238 2951 1281 3015 94.

180 3046 267 3121 attigi
288 3061 400 3106 nomen
421 3049 620 3106 monstruose
640 3043 826 3107 imminutum
851 3047 984 3126 Περίηρς
1004 3042 1039 3109 ἐκ
1056 3048 1115 3110 τοῦ
1129 3045 1281 3137 περιὴρης,

179 3138 264 3220 quod
285 3137 536 3202 Schneidewinus
557 3140 588 3200 in
610 3139 747 3219 Conlect.
769 3160 798 3223 p.
822 3140 850 3205 9.
872 3144 1002 3207 alilrmat
1024 3162 1104 3209 ame
1119 3164 1185 3210 non
1203 3156 1281 3211 recto

180 3237 228 3302 sie
258 3237 405 3318 seriptum
433 3252 506 3300 esse
534 3236 662 3315 etipse
694 3240 830 3303 tortasse
857 3257 919 3304 non
952 3243 1000 3305 sic
1025 3244 1166 3309 seribere
1193 3247 1280 3327 volnt,

180 3351 249 3398 nam
272 3336 407 3415 ignotum
429 3341 493 3418 est
526 3330 679 3416 Περιήρης
707 3338 920 3419 notissimum
953 3345 1112 3421 ceteroqui
1139 3343 1280 3426 οεριήρης

178 3447 242 3496 nen
271 3433 406 3496 deterius
429 3439 478 3497 cst
499 3450 590 3514 qnam
610 3425 772 3515 ἆμφηρης,
801 3445 832 3499 et
852 3454 951 3518 nuper
971 3438 1112 3504 dubitare
1133 3446 1226 3524 coepi
1246 3461 1280 3506 ne

178 3530 308 3595 Memno
328 3531 436 3613 περληρ
456 3532 577 3597 fluxerit
596 3532 737 3612 exemplo
752 3533 898 3599 homerici
912 3532 1035 3620 ἐρίηρες,
1059 3541 1109 3601 cui
1125 3539 1280 3604 Gramma-

182 3630 233 3693 tici
263 3635 379 3692 rectum
413 3622 497 3711 ἐρληρ
531 3629 708 3712 assignant,
743 3630 859 3695 librarii
881 3643 982 3698 antem
1009 3643 1132 3700 ueteres
1164 3642 1280 3723 περληρς

180 3726 404 3810 substituerint,
427 3731 515 3810 cujus
537 3736 569 3792 et
590 3728 687 3791 tonna
709 3728 849 3795 insoleus
873 3740 903 3795 et
925 3743 1072 3798 accentus
1095 3734 1207 3803 dubius
1229 3747 1279 3802 est.
