<?xml version="1.0" encoding="UTF-8"?>
<!DOCTYPE html PUBLIC "-//W3C//DTD XHTML 1.0 Transitional//EN"
    "http://www.w3.org/TR/xhtml1/DTD/xhtml1-transitional.dtd">
<html xmlns="http://www.w3.org/1999/xhtml" xml:lang="en" lang="en">
 <head>
  <title>
</title>
<meta http-equiv="Content-Type" content="text/html;charset=utf-8" />
  <meta name='ocr-system' content='tesseract 3.04.00' />
  <meta name='ocr-capabilities' content='ocr_page ocr_carea ocr_par ocr_line ocrx_word'/>
</head>
<body>
  <div class='ocr_page' id='page_1' title='image "./pathologiaeserm00lobegoog_0403.png"; bbox 0 0 2648 4756; ppageno 0'>
   <div class='ocr_carea' id='block_1_1' title="bbox 172 298 953 373">
    <p class='ocr_par' dir='ltr' id='par_1_1' title="bbox 172 298 953 373">
     <span class='ocr_line' id='line_1_1' title="bbox 172 298 953 373; baseline -0.006 0"><span class='ocrx_word' id='word_1_1' title='bbox 172 304 245 373; x_wconf 69' lang='lat'><strong>892</strong></span> <span class='ocrx_word' id='word_1_2' title='bbox 512 298 846 367; x_wconf 78' lang='lat' dir='ltr'><strong>utssttttttuto</strong></span> <span class='ocrx_word' id='word_1_3' title='bbox 875 299 953 367; x_wconf 78' lang='lat' dir='ltr'><strong>titt</strong></span> 
     </span>
    </p>
   </div>
   <div class='ocr_carea' id='block_1_2' title="bbox 173 438 1321 2703">
    <p class='ocr_par' dir='ltr' id='par_1_2' title="bbox 173 438 1321 2703">
     <span class='ocr_line' id='line_1_2' title="bbox 175 438 1321 547; baseline -0.007 -12"><span class='ocrx_word' id='word_1_4' title='bbox 175 478 206 535; x_wconf 90' lang='lat' dir='ltr'><strong>et</strong></span> <span class='ocrx_word' id='word_1_5' title='bbox 228 464 316 534; x_wconf 76' lang='lat' dir='ltr'><strong>tata.</strong></span> <span class='ocrx_word' id='word_1_6' title='bbox 338 460 517 547; x_wconf 72' lang='lat' dir='ltr'><strong>‘ldpadtpe</strong></span> <span class='ocrx_word' id='word_1_7' title='bbox 535 462 641 529; x_wconf 86' lang='lat' dir='ltr'><strong>ludiae</strong></span> <span class='ocrx_word' id='word_1_8' title='bbox 667 463 777 527; x_wconf 84' lang='lat' dir='ltr'><strong>durius</strong></span> <span class='ocrx_word' id='word_1_9' title='bbox 797 482 826 529; x_wconf 86' lang='lat' dir='ltr'><strong>r.</strong></span> <span class='ocrx_word' id='word_1_10' title='bbox 847 463 1002 529; x_wconf 84' lang='lat' dir='ltr'><strong>bluetzed.</strong></span> <span class='ocrx_word' id='word_1_11' title='bbox 1025 462 1066 527; x_wconf 79' lang='lat' dir='ltr'><strong>ad</strong></span> <span class='ocrx_word' id='word_1_12' title='bbox 1081 463 1166 529; x_wconf 78' lang='lat' dir='ltr'><strong>curt</strong></span> <span class='ocrx_word' id='word_1_13' title='bbox 1183 465 1216 529; x_wconf 81' lang='grc' dir='ltr'><strong>Τ.</strong></span> <span class='ocrx_word' id='word_1_14' title='bbox 1238 466 1273 531; x_wconf 94' lang='lat' dir='ltr'><strong>ll.</strong></span> <span class='ocrx_word' id='word_1_15' title='bbox 1317 438 1321 527; x_wconf 74' lang='grc' dir='ltr'><strong><em>ί</em></strong></span> 
     </span>
     <span class='ocr_line' id='line_1_3' title="bbox 176 554 1275 645; baseline -0.005 -13"><span class='ocrx_word' id='word_1_16' title='bbox 176 566 246 632; x_wconf 81' lang='grc'><strong>819.</strong></span> <span class='ocrx_word' id='word_1_17' title='bbox 273 560 442 645; x_wconf 75' lang='grc' dir='ltr'><strong><em>Ἀραχῶτοι</em></strong></span> <span class='ocrx_word' id='word_1_18' title='bbox 470 564 490 627; x_wconf 85' lang='lat' dir='ltr'><strong>i.</strong></span> <span class='ocrx_word' id='word_1_19' title='bbox 517 579 547 643; x_wconf 89' lang='lat' dir='ltr'><strong>q.</strong></span> <span class='ocrx_word' id='word_1_20' title='bbox 570 554 736 643; x_wconf 76' lang='grc' dir='ltr'><strong>Ἀραχοηοί</strong></span> <span class='ocrx_word' id='word_1_21' title='bbox 759 562 848 627; x_wconf 83' lang='lat' dir='ltr'><strong>Enst</strong></span> <span class='ocrx_word' id='word_1_22' title='bbox 874 563 913 626; x_wconf 80' lang='lat' dir='ltr'><strong>ad</strong></span> <span class='ocrx_word' id='word_1_23' title='bbox 941 563 1033 626; x_wconf 84' lang='lat' dir='ltr'><strong>Dion.</strong></span> <span class='ocrx_word' id='word_1_24' title='bbox 1055 560 1143 627; x_wconf 68' lang='lat'><strong>1097.</strong></span> <span class='ocrx_word' id='word_1_25' title='bbox 1171 564 1275 643; x_wconf 83' lang='lat' dir='ltr'><strong>pattlttt</strong></span> 
     </span>
     <span class='ocr_line' id='line_1_4' title="bbox 179 655 1276 745; baseline 0 -20"><span class='ocrx_word' id='word_1_26' title='bbox 179 680 368 745; x_wconf 68' lang='lat' dir='ltr'><strong>paeonum,</strong></span> <span class='ocrx_word' id='word_1_27' title='bbox 400 679 419 724; x_wconf 91' lang='lat' dir='ltr'><strong>a</strong></span> <span class='ocrx_word' id='word_1_28' title='bbox 439 656 519 734; x_wconf 79' lang='grc' dir='ltr'><strong><em>θοός</em></strong></span> <span class='ocrx_word' id='word_1_29' title='bbox 541 656 666 741; x_wconf 79' lang='grc' dir='ltr'><strong>(Θόων)</strong></span> <span class='ocrx_word' id='word_1_30' title='bbox 691 655 826 741; x_wconf 71' lang='grc' dir='ltr'><strong><em>Θοώτης,</em></strong></span> <span class='ocrx_word' id='word_1_31' title='bbox 849 655 999 741; x_wconf 73' lang='grc' dir='ltr'><strong><em>Δυκώτης</em></strong></span> <span class='ocrx_word' id='word_1_32' title='bbox 1021 658 1108 725; x_wconf 80' lang='lat' dir='ltr'><strong>ond</strong></span> <span class='ocrx_word' id='word_1_33' title='bbox 1129 661 1199 727; x_wconf 84' lang='lat' dir='ltr'><strong>ttet</strong></span> <span class='ocrx_word' id='word_1_34' title='bbox 1218 661 1276 726; x_wconf 87' lang='lat' dir='ltr'><strong>lttt</strong></span> 
     </span>
     <span class='ocr_line' id='line_1_5' title="bbox 177 754 1276 841; baseline -0.002 -16"><span class='ocrx_word' id='word_1_35' title='bbox 177 760 249 825; x_wconf 79' lang='lat'>350.</span> <span class='ocrx_word' id='word_1_36' title='bbox 279 761 422 841; x_wconf 83' lang='lat' dir='ltr'><strong>Calpurn.</strong></span> <span class='ocrx_word' id='word_1_37' title='bbox 450 758 515 823; x_wconf 87' lang='lat' dir='ltr'><strong>Eel</strong></span> <span class='ocrx_word' id='word_1_38' title='bbox 547 760 592 824; x_wconf 82' lang='lat' dir='ltr'><strong>ll.</strong></span> <span class='ocrx_word' id='word_1_39' title='bbox 618 758 668 822; x_wconf 85' lang='lat'><strong>26.</strong></span> <span class='ocrx_word' id='word_1_40' title='bbox 695 757 951 838; x_wconf 71' lang='lat' dir='ltr'><strong>notissimumque</strong></span> <span class='ocrx_word' id='word_1_41' title='bbox 980 754 1143 837; x_wconf 72' lang='grc' dir='ltr'><strong>Φιλώτας,</strong></span> <span class='ocrx_word' id='word_1_42' title='bbox 1177 777 1276 841; x_wconf 89' lang='lat' dir='ltr'><strong>aquo</strong></span> 
     </span>
     <span class='ocr_line' id='line_1_6' title="bbox 178 855 1279 939; baseline 0.004 -20"><span class='ocrx_word' id='word_1_43' title='bbox 178 856 278 920; x_wconf 82' lang='lat' dir='ltr'><strong>didert</strong></span> <span class='ocrx_word' id='word_1_44' title='bbox 302 859 438 939; x_wconf 70' lang='grc' dir='ltr'><strong><em>Φιλητᾶς</em></strong></span> <span class='ocrx_word' id='word_1_45' title='bbox 457 856 582 920; x_wconf 78' lang='lat' dir='ltr'><strong>verbale</strong></span> <span class='ocrx_word' id='word_1_46' title='bbox 605 864 637 919; x_wconf 89' lang='lat' dir='ltr'><strong>ut</strong></span> <span class='ocrx_word' id='word_1_47' title='bbox 664 855 837 919; x_wconf 87' lang='lat' dir='ltr'><strong>lemiuinmn</strong></span> <span class='ocrx_word' id='word_1_48' title='bbox 862 858 994 931; x_wconf 68' lang='grc' dir='ltr'><strong><em>Φιλώτα</em></strong></span> <span class='ocrx_word' id='word_1_49' title='bbox 1020 858 1208 938; x_wconf 80' lang='lat' dir='ltr'><strong>Antipbenis</strong></span> <span class='ocrx_word' id='word_1_50' title='bbox 1233 860 1279 923; x_wconf 85' lang='lat' dir='ltr'><strong>la-</strong></span> 
     </span>
     <span class='ocr_line' id='line_1_7' title="bbox 180 952 1281 1033; baseline 0.002 -14"><span class='ocrx_word' id='word_1_51' title='bbox 180 954 252 1019; x_wconf 86' lang='lat' dir='ltr'><strong>bula</strong></span> <span class='ocrx_word' id='word_1_52' title='bbox 273 974 301 1018; x_wconf 83' lang='lat' dir='ltr'><strong>v.</strong></span> <span class='ocrx_word' id='word_1_53' title='bbox 325 956 454 1019; x_wconf 88' lang='lat' dir='ltr'><strong>bletuel.</strong></span> <span class='ocrx_word' id='word_1_54' title='bbox 467 956 500 1018; x_wconf 87' lang='lat' dir='ltr'><strong>T.</strong></span> <span class='ocrx_word' id='word_1_55' title='bbox 514 954 562 1018; x_wconf 90' lang='lat' dir='ltr'><strong>lll.</strong></span> <span class='ocrx_word' id='word_1_56' title='bbox 578 954 647 1019; x_wconf 85' lang='lat'><strong>130.</strong></span> <span class='ocrx_word' id='word_1_57' title='bbox 667 952 808 1033; x_wconf 76' lang='lat' dir='ltr'>idemque</span> <span class='ocrx_word' id='word_1_58' title='bbox 828 954 988 1019; x_wconf 84' lang='lat' dir='ltr'><strong>libertinae</strong></span> <span class='ocrx_word' id='word_1_59' title='bbox 1002 954 1163 1021; x_wconf 81' lang='lat' dir='ltr'><strong>Romanae</strong></span> <span class='ocrx_word' id='word_1_60' title='bbox 1175 973 1281 1021; x_wconf 85' lang='lat' dir='ltr'><strong>nomen</strong></span> 
     </span>
     <span class='ocr_line' id='line_1_8' title="bbox 179 1051 1282 1133; baseline 0.005 -18"><span class='ocrx_word' id='word_1_61' title='bbox 179 1052 326 1131; x_wconf 75' lang='lat' dir='ltr'><strong>Polyaen.</strong></span> <span class='ocrx_word' id='word_1_62' title='bbox 337 1054 411 1117; x_wconf 83' lang='lat' dir='ltr'><strong>vttt</strong></span> <span class='ocrx_word' id='word_1_63' title='bbox 423 1054 473 1117; x_wconf 81' lang='lat'><strong>30.</strong></span> <span class='ocrx_word' id='word_1_64' title='bbox 495 1052 561 1133; x_wconf 80' lang='lat' dir='ltr'><strong>(ubi</strong></span> <span class='ocrx_word' id='word_1_65' title='bbox 576 1058 736 1130; x_wconf 72' lang='lat' dir='ltr'><strong>oxytonon</strong></span> <span class='ocrx_word' id='word_1_66' title='bbox 751 1051 814 1129; x_wconf 85' lang='lat' dir='ltr'><strong>est)</strong></span> <span class='ocrx_word' id='word_1_67' title='bbox 837 1054 992 1133; x_wconf 62' lang='lat' dir='ltr'><strong>roomo</strong></span> <span class='ocrx_word' id='word_1_68' title='bbox 1005 1053 1102 1118; x_wconf 81' lang='lat' dir='ltr'><strong>Antlr.</strong></span> <span class='ocrx_word' id='word_1_69' title='bbox 1115 1054 1165 1117; x_wconf 83' lang='lat' dir='ltr'><strong>lll.</strong></span> <span class='ocrx_word' id='word_1_70' title='bbox 1179 1054 1282 1121; x_wconf 61' lang='lat'>22220</span> 
     </span>
     <span class='ocr_line' id='line_1_9' title="bbox 182 1148 1283 1231; baseline 0.005 -19"><span class='ocrx_word' id='word_1_71' title='bbox 182 1156 213 1213; x_wconf 91' lang='lat' dir='ltr'><strong>et</strong></span> <span class='ocrx_word' id='word_1_72' title='bbox 234 1152 343 1228; x_wconf 87' lang='lat' dir='ltr'><strong>iugens</strong></span> <span class='ocrx_word' id='word_1_73' title='bbox 364 1168 509 1213; x_wconf 86' lang='lat' dir='ltr'><strong>nttmerus</strong></span> <span class='ocrx_word' id='word_1_74' title='bbox 529 1150 772 1231; x_wconf 77' lang='lat' dir='ltr'><strong>genanuorum,</strong></span> <span class='ocrx_word' id='word_1_75' title='bbox 794 1148 831 1213; x_wconf 91' lang='lat' dir='ltr'><strong>de</strong></span> <span class='ocrx_word' id='word_1_76' title='bbox 853 1151 964 1231; x_wconf 89' lang='lat' dir='ltr'><strong>quibus</strong></span> <span class='ocrx_word' id='word_1_77' title='bbox 984 1151 1163 1216; x_wconf 87' lang='lat' dir='ltr'><strong>idemtidem</strong></span> <span class='ocrx_word' id='word_1_78' title='bbox 1182 1152 1283 1218; x_wconf 84' lang='lat' dir='ltr'><strong>admo·</strong></span> 
     </span>
     <span class='ocr_line' id='line_1_10' title="bbox 181 1240 1283 1331; baseline 0.005 -22"><span class='ocrx_word' id='word_1_79' title='bbox 181 1253 235 1310; x_wconf 91' lang='lat' dir='ltr'><strong>net</strong></span> <span class='ocrx_word' id='word_1_80' title='bbox 257 1248 433 1327; x_wconf 84' lang='lat' dir='ltr'><strong>Stephanus</strong></span> <span class='ocrx_word' id='word_1_81' title='bbox 446 1241 528 1329; x_wconf 77' lang='grc' dir='ltr'><strong><em>Ἶρος</em></strong></span> <span class='ocrx_word' id='word_1_82' title='bbox 548 1286 589 1297; x_wconf 93' lang='grc'>-</span> <span class='ocrx_word' id='word_1_83' title='bbox 606 1240 729 1329; x_wconf 71' lang='grc' dir='ltr'><strong><em>Ἰρόιης</em></strong></span> <span class='ocrx_word' id='word_1_84' title='bbox 749 1242 793 1321; x_wconf 77' lang='grc' dir='ltr'><strong>ὦς</strong></span> <span class='ocrx_word' id='word_1_85' title='bbox 809 1241 1010 1331; x_wconf 74' lang='grc' dir='ltr'><strong><em>Ἠπειρώτης,</em></strong></span> <span class='ocrx_word' id='word_1_86' title='bbox 1032 1244 1222 1331; x_wconf 65' lang='lat' dir='ltr'><strong>Mul-tritus,</strong></span> <span class='ocrx_word' id='word_1_87' title='bbox 1242 1287 1283 1327; x_wconf 56' lang='grc'><strong>,-</strong></span> 
     </span>
     <span class='ocr_line' id='line_1_11' title="bbox 173 1337 1282 1433; baseline 0.006 -28"><span class='ocrx_word' id='word_1_88' title='bbox 173 1337 277 1425; x_wconf 59' lang='lat' dir='ltr'><strong>”tepor</strong></span> <span class='ocrx_word' id='word_1_89' title='bbox 300 1339 442 1427; x_wconf 68' lang='grc' dir='ltr'><strong><em>Ἰοβάτης</em></strong></span> <span class='ocrx_word' id='word_1_90' title='bbox 467 1382 508 1393; x_wconf 87' lang='lat'><strong>--</strong></span> <span class='ocrx_word' id='word_1_91' title='bbox 532 1340 658 1409; x_wconf 77' lang='grc' dir='ltr'><strong><em>Ἀκτίου</em></strong></span> <span class='ocrx_word' id='word_1_92' title='bbox 687 1337 849 1429; x_wconf 56' lang='lat' dir='ltr'><strong>maedam</strong></span> <span class='ocrx_word' id='word_1_93' title='bbox 885 1341 929 1421; x_wconf 77' lang='grc' dir='ltr'><strong>ὦς</strong></span> <span class='ocrx_word' id='word_1_94' title='bbox 959 1341 1141 1429; x_wconf 65' lang='lat' dir='ltr'><strong>ttqtaatmg,</strong></span> <span class='ocrx_word' id='word_1_95' title='bbox 1180 1352 1282 1433; x_wconf 73' lang='grc' dir='ltr'><strong><em>Ζεφυ-</em></strong></span> 
     </span>
     <span class='ocr_line' id='line_1_12' title="bbox 180 1436 1281 1528; baseline 0.005 -24"><span class='ocrx_word' id='word_1_96' title='bbox 180 1439 306 1525; x_wconf 75' lang='grc' dir='ltr'><strong>οιοίτης·</strong></span> <span class='ocrx_word' id='word_1_97' title='bbox 338 1438 466 1524; x_wconf 72' lang='grc' dir='ltr'><strong><em>ἄμεινον</em></strong></span> <span class='ocrx_word' id='word_1_98' title='bbox 495 1438 531 1505; x_wconf 76' lang='grc' dir='ltr'><strong>δὲ</strong></span> <span class='ocrx_word' id='word_1_99' title='bbox 555 1443 649 1505; x_wconf 81' lang='grc' dir='ltr'><strong><em>τοῦτο</em></strong></span> <span class='ocrx_word' id='word_1_100' title='bbox 674 1436 736 1506; x_wconf 76' lang='grc' dir='ltr'><strong>ἀπὸ</strong></span> <span class='ocrx_word' id='word_1_101' title='bbox 762 1445 820 1507; x_wconf 79' lang='grc' dir='ltr'><strong>τοῦ</strong></span> <span class='ocrx_word' id='word_1_102' title='bbox 844 1437 946 1507; x_wconf 79' lang='grc' dir='ltr'><strong><em>Ἀκτία</em></strong></span> <span class='ocrx_word' id='word_1_103' title='bbox 972 1437 1015 1519; x_wconf 81' lang='grc' dir='ltr'><strong>ὦς</strong></span> <span class='ocrx_word' id='word_1_104' title='bbox 1038 1448 1196 1528; x_wconf 72' lang='lat' dir='ltr'><strong>tbraeyta</strong></span> <span class='ocrx_word' id='word_1_105' title='bbox 1219 1449 1281 1510; x_wconf 84' lang='grc' dir='ltr'><strong>Πε-</strong></span> 
     </span>
     <span class='ocr_line' id='line_1_13' title="bbox 179 1530 1278 1626; baseline 0.005 -21"><span class='ocrx_word' id='word_1_106' title='bbox 179 1537 350 1625; x_wconf 74' lang='grc' dir='ltr'><strong><em>ίασγιώτης</em></strong></span> <span class='ocrx_word' id='word_1_107' title='bbox 365 1576 406 1587; x_wconf 87' lang='grc'><strong>-</strong></span> <span class='ocrx_word' id='word_1_108' title='bbox 428 1538 552 1604; x_wconf 73' lang='grc' dir='ltr'><strong><em>Κάσιον</em></strong></span> <span class='ocrx_word' id='word_1_109' title='bbox 566 1540 730 1623; x_wconf 59' lang='lat' dir='ltr'><strong>limatam</strong></span> <span class='ocrx_word' id='word_1_110' title='bbox 750 1536 794 1617; x_wconf 77' lang='grc' dir='ltr'><strong>ὡς</strong></span> <span class='ocrx_word' id='word_1_111' title='bbox 811 1537 1030 1626; x_wconf 77' lang='grc' dir='ltr'><strong><em>Πηλουσιώτης</em></strong></span> <span class='ocrx_word' id='word_1_112' title='bbox 1051 1552 1110 1609; x_wconf 78' lang='lat' dir='ltr'><strong>eto.</strong></span> <span class='ocrx_word' id='word_1_113' title='bbox 1143 1530 1278 1611; x_wconf 67' lang='lat' dir='ltr'><strong>Sedundo</strong></span> 
     </span>
     <span class='ocr_line' id='line_1_14' title="bbox 181 1637 1278 1722; baseline 0.004 -18"><span class='ocrx_word' id='word_1_114' title='bbox 181 1640 378 1722; x_wconf 71' lang='lat' dir='ltr'><strong>appelatur,</strong></span> <span class='ocrx_word' id='word_1_115' title='bbox 399 1640 546 1721; x_wconf 76' lang='lat' dir='ltr'><strong>pleraque</strong></span> <span class='ocrx_word' id='word_1_116' title='bbox 566 1639 687 1720; x_wconf 92' lang='lat' dir='ltr'><strong>quidem</strong></span> <span class='ocrx_word' id='word_1_117' title='bbox 708 1640 934 1705; x_wconf 81' lang='lat' dir='ltr'><strong>denominativa</strong></span> <span class='ocrx_word' id='word_1_118' title='bbox 954 1648 987 1704; x_wconf 89' lang='lat' dir='ltr'><strong>ut</strong></span> <span class='ocrx_word' id='word_1_119' title='bbox 1008 1660 1027 1705; x_wconf 92' lang='lat' dir='ltr'><strong>a</strong></span> <span class='ocrx_word' id='word_1_120' title='bbox 1047 1637 1155 1717; x_wconf 74' lang='grc' dir='ltr'><strong><em>αίοιός</em></strong></span> <span class='ocrx_word' id='word_1_121' title='bbox 1174 1640 1278 1707; x_wconf 58' lang='lat' dir='ltr'><strong>datd-</strong></span> 
     </span>
     <span class='ocr_line' id='line_1_15' title="bbox 181 1733 1283 1825; baseline 0.003 -23"><span class='ocrx_word' id='word_1_122' title='bbox 181 1760 236 1821; x_wconf 74' lang='grc' dir='ltr'><strong>της</strong></span> <span class='ocrx_word' id='word_1_123' title='bbox 255 1733 409 1817; x_wconf 77' lang='grc' dir='ltr'><strong>δεσμώτης</strong></span> <span class='ocrx_word' id='word_1_124' title='bbox 430 1737 503 1799; x_wconf 89' lang='lat' dir='ltr'><strong>lles.</strong></span> <span class='ocrx_word' id='word_1_125' title='bbox 526 1755 546 1801; x_wconf 90' lang='lat' dir='ltr'><strong>a</strong></span> <span class='ocrx_word' id='word_1_126' title='bbox 565 1739 686 1818; x_wconf 75' lang='grc' dir='ltr'><strong><em>κῶλον,</em></strong></span> <span class='ocrx_word' id='word_1_127' title='bbox 707 1740 768 1803; x_wconf 86' lang='lat' dir='ltr'><strong>nisi</strong></span> <span class='ocrx_word' id='word_1_128' title='bbox 789 1756 837 1803; x_wconf 89' lang='lat' dir='ltr'><strong>me</strong></span> <span class='ocrx_word' id='word_1_129' title='bbox 859 1743 1040 1819; x_wconf 85' lang='lat' dir='ltr'><strong>oonjeotura</strong></span> <span class='ocrx_word' id='word_1_130' title='bbox 1061 1742 1159 1825; x_wconf 87' lang='lat' dir='ltr'><strong>lallit,</strong></span> <span class='ocrx_word' id='word_1_131' title='bbox 1179 1736 1283 1805; x_wconf 66' lang='lat' dir='ltr'><strong>mtu-</strong></span> 
     </span>
     <span class='ocr_line' id='line_1_16' title="bbox 180 1833 1284 1921; baseline 0.007 -24"><span class='ocrx_word' id='word_1_132' title='bbox 180 1856 249 1915; x_wconf 75' lang='grc' dir='ltr'><strong><em>της,</em></strong></span> <span class='ocrx_word' id='word_1_133' title='bbox 279 1834 368 1913; x_wconf 87' lang='lat' dir='ltr'><strong>quasi</strong></span> <span class='ocrx_word' id='word_1_134' title='bbox 390 1833 541 1914; x_wconf 82' lang='lat' dir='ltr'><strong>pedonum</strong></span> <span class='ocrx_word' id='word_1_135' title='bbox 561 1834 667 1917; x_wconf 84' lang='lat' dir='ltr'><strong>dieas;</strong></span> <span class='ocrx_word' id='word_1_136' title='bbox 699 1839 747 1901; x_wconf 90' lang='lat' dir='ltr'><strong>sie</strong></span> <span class='ocrx_word' id='word_1_137' title='bbox 767 1838 847 1900; x_wconf 90' lang='lat' dir='ltr'><strong>enim</strong></span> <span class='ocrx_word' id='word_1_138' title='bbox 868 1837 1001 1902; x_wconf 83' lang='lat' dir='ltr'><strong>lacertas</strong></span> <span class='ocrx_word' id='word_1_139' title='bbox 1019 1838 1120 1903; x_wconf 88' lang='lat' dir='ltr'><strong>dietas</strong></span> <span class='ocrx_word' id='word_1_140' title='bbox 1143 1842 1284 1921; x_wconf 78' lang='lat' dir='ltr'><strong>suspicor</strong></span> 
     </span>
     <span class='ocr_line' id='line_1_17' title="bbox 181 1934 1283 2017; baseline 0.005 -20"><span class='ocrx_word' id='word_1_141' title='bbox 181 1934 385 2014; x_wconf 75' lang='lat' dir='ltr'><strong>abulmaro,</strong></span> <span class='ocrx_word' id='word_1_142' title='bbox 413 1950 503 2013; x_wconf 93' lang='lat' dir='ltr'><strong>quem</strong></span> <span class='ocrx_word' id='word_1_143' title='bbox 530 1934 640 2017; x_wconf 88' lang='lat' dir='ltr'><strong>pedum</strong></span> <span class='ocrx_word' id='word_1_144' title='bbox 669 1936 784 2015; x_wconf 84' lang='lat' dir='ltr'><strong>obliqui</strong></span> <span class='ocrx_word' id='word_1_145' title='bbox 811 1943 913 1999; x_wconf 92' lang='lat' dir='ltr'><strong>motus</strong></span> <span class='ocrx_word' id='word_1_146' title='bbox 943 1952 1091 2017; x_wconf 88' lang='lat' dir='ltr'><strong>perquam</strong></span> <span class='ocrx_word' id='word_1_147' title='bbox 1118 1938 1283 2003; x_wconf 78' lang='lat' dir='ltr'><strong>notabilem</strong></span> 
     </span>
     <span class='ocr_line' id='line_1_18' title="bbox 181 2027 1285 2117; baseline 0.007 -25"><span class='ocrx_word' id='word_1_148' title='bbox 181 2029 311 2093; x_wconf 82' lang='lat' dir='ltr'><strong>reddunt</strong></span> <span class='ocrx_word' id='word_1_149' title='bbox 338 2028 370 2092; x_wconf 84' lang='grc' dir='ltr'><strong>οἱ</strong></span> <span class='ocrx_word' id='word_1_150' title='bbox 394 2027 454 2113; x_wconf 74' lang='grc' dir='ltr'><strong>γὰρ</strong></span> <span class='ocrx_word' id='word_1_151' title='bbox 473 2029 665 2113; x_wconf 75' lang='grc' dir='ltr'><strong><em>κροκόδειλοι</em></strong></span> <span class='ocrx_word' id='word_1_152' title='bbox 692 2030 745 2097; x_wconf 80' lang='grc' dir='ltr'><strong>καὶ</strong></span> <span class='ocrx_word' id='word_1_153' title='bbox 771 2032 884 2111; x_wconf 82' lang='grc' dir='ltr'><strong><em>σαῦροι</em></strong></span> <span class='ocrx_word' id='word_1_154' title='bbox 910 2030 963 2095; x_wconf 79' lang='grc' dir='ltr'><strong>καὶ</strong></span> <span class='ocrx_word' id='word_1_155' title='bbox 989 2028 1207 2117; x_wconf 61' lang='lat' dir='ltr'><strong>&amp;modeim</strong></span> <span class='ocrx_word' id='word_1_156' title='bbox 1231 2034 1285 2100; x_wconf 76' lang='grc' dir='ltr'><strong>καί</strong></span> 
     </span>
     <span class='ocr_line' id='line_1_19' title="bbox 179 2125 1285 2215; baseline 0.007 -24"><span class='ocrx_word' id='word_1_157' title='bbox 179 2129 346 2211; x_wconf 67' lang='lat' dir='ltr'><strong>zedoiuot²¹</strong></span> <span class='ocrx_word' id='word_1_158' title='bbox 380 2126 415 2192; x_wconf 78' lang='grc' dir='ltr'><strong>ἐκ</strong></span> <span class='ocrx_word' id='word_1_159' title='bbox 444 2132 501 2195; x_wconf 86' lang='grc' dir='ltr'><strong>τοῦ</strong></span> <span class='ocrx_word' id='word_1_160' title='bbox 534 2133 666 2212; x_wconf 74' lang='grc' dir='ltr'><strong><em>πλαγίου</em></strong></span> <span class='ocrx_word' id='word_1_161' title='bbox 698 2126 936 2213; x_wconf 79' lang='grc' dir='ltr'><strong><em>προςπεφυκότα</em></strong></span> <span class='ocrx_word' id='word_1_162' title='bbox 964 2125 1002 2194; x_wconf 85' lang='grc' dir='ltr'><strong>τὰ</strong></span> <span class='ocrx_word' id='word_1_163' title='bbox 1026 2128 1118 2215; x_wconf 77' lang='grc' dir='ltr'><strong><em>σκέλη</em></strong></span> <span class='ocrx_word' id='word_1_164' title='bbox 1150 2131 1209 2215; x_wconf 78' lang='grc' dir='ltr'><strong>ἔχει</strong></span> <span class='ocrx_word' id='word_1_165' title='bbox 1233 2132 1285 2198; x_wconf 70' lang='grc' dir='ltr'><strong>καί</strong></span> 
     </span>
     <span class='ocr_line' id='line_1_20' title="bbox 180 2223 1286 2311; baseline 0.004 -18"><span class='ocrx_word' id='word_1_166' title='bbox 180 2224 312 2311; x_wconf 77' lang='grc' dir='ltr'><strong><em>κάμπτει</em></strong></span> <span class='ocrx_word' id='word_1_167' title='bbox 339 2225 389 2293; x_wconf 77' lang='grc' dir='ltr'><strong>ἐπὶ</strong></span> <span class='ocrx_word' id='word_1_168' title='bbox 413 2223 449 2290; x_wconf 85' lang='grc' dir='ltr'><strong>τὸ</strong></span> <span class='ocrx_word' id='word_1_169' title='bbox 477 2223 609 2310; x_wconf 72' lang='grc' dir='ltr'><strong>πλάγιον</strong></span> <span class='ocrx_word' id='word_1_170' title='bbox 633 2230 762 2293; x_wconf 75' lang='grc' dir='ltr'><strong>Αῐίείοί.</strong></span> <span class='ocrx_word' id='word_1_171' title='bbox 791 2228 828 2293; x_wconf 82' lang='lat' dir='ltr'><strong>tle</strong></span> <span class='ocrx_word' id='word_1_172' title='bbox 855 2230 973 2294; x_wconf 70' lang='lat' dir='ltr'><strong>lecese.</strong></span> <span class='ocrx_word' id='word_1_173' title='bbox 999 2230 1063 2295; x_wconf 78' lang='lat' dir='ltr'><strong>XV.</strong></span> <span class='ocrx_word' id='word_1_174' title='bbox 1090 2232 1171 2297; x_wconf 65' lang='lat'><strong>713:</strong></span> <span class='ocrx_word' id='word_1_175' title='bbox 1189 2250 1215 2296; x_wconf 75' lang='lat' dir='ltr'><strong>a</strong></span> <span class='ocrx_word' id='word_1_176' title='bbox 1240 2234 1286 2303; x_wconf 82' lang='lat' dir='ltr'><strong>l&#39;t.</strong></span> 
     </span>
     <span class='ocr_line' id='line_1_21' title="bbox 181 2326 1286 2411; baseline 0 -17"><span class='ocrx_word' id='word_1_177' title='bbox 181 2329 289 2409; x_wconf 84' lang='lat' dir='ltr'><strong>Neque</strong></span> <span class='ocrx_word' id='word_1_178' title='bbox 310 2328 400 2391; x_wconf 88' lang='lat' dir='ltr'><strong>altam</strong></span> <span class='ocrx_word' id='word_1_179' title='bbox 423 2328 570 2407; x_wconf 77' lang='lat' dir='ltr'><strong>originem</strong></span> <span class='ocrx_word' id='word_1_180' title='bbox 583 2328 676 2391; x_wconf 87' lang='lat' dir='ltr'><strong>babet</strong></span> <span class='ocrx_word' id='word_1_181' title='bbox 687 2326 886 2407; x_wconf 79' lang='lat' dir='ltr'><strong>grabatorum</strong></span> <span class='ocrx_word' id='word_1_182' title='bbox 899 2344 1013 2391; x_wconf 92' lang='lat' dir='ltr'><strong>nomen</strong></span> <span class='ocrx_word' id='word_1_183' title='bbox 1025 2329 1286 2411; x_wconf 72' lang='grc' dir='ltr'><strong><em>κωλοβοθοίοται,</em></strong></span> 
     </span>
     <span class='ocr_line' id='line_1_22' title="bbox 183 2419 1286 2509; baseline 0.005 -20"><span class='ocrx_word' id='word_1_184' title='bbox 183 2428 234 2507; x_wconf 91' lang='lat' dir='ltr'><strong>qui</strong></span> <span class='ocrx_word' id='word_1_185' title='bbox 262 2434 294 2489; x_wconf 92' lang='lat' dir='ltr'><strong>et</strong></span> <span class='ocrx_word' id='word_1_186' title='bbox 320 2420 489 2506; x_wconf 71' lang='lat' dir='ltr'><strong>unledaim</strong></span> <span class='ocrx_word' id='word_1_187' title='bbox 516 2424 656 2489; x_wconf 80' lang='lat' dir='ltr'><strong>diduntur</strong></span> <span class='ocrx_word' id='word_1_188' title='bbox 685 2431 715 2487; x_wconf 93' lang='lat' dir='ltr'><strong>et</strong></span> <span class='ocrx_word' id='word_1_189' title='bbox 741 2419 964 2506; x_wconf 78' lang='grc' dir='ltr'><strong><em>καλοβάμονες,</em></strong></span> <span class='ocrx_word' id='word_1_190' title='bbox 996 2443 1055 2489; x_wconf 89' lang='lat' dir='ltr'><strong>seu</strong></span> <span class='ocrx_word' id='word_1_191' title='bbox 1074 2428 1148 2507; x_wconf 86' lang='lat' dir='ltr'><strong>quia</strong></span> <span class='ocrx_word' id='word_1_192' title='bbox 1168 2428 1286 2509; x_wconf 69' lang='lat' dir='ltr'><strong>grallm</strong></span> 
     </span>
     <span class='ocr_line' id='line_1_23' title="bbox 181 2523 1285 2604; baseline 0.005 -18"><span class='ocrx_word' id='word_1_193' title='bbox 181 2524 302 2603; x_wconf 80' lang='lat' dir='ltr'><strong>ligneae</strong></span> <span class='ocrx_word' id='word_1_194' title='bbox 324 2532 396 2585; x_wconf 86' lang='lat' dir='ltr'><strong>suut</strong></span> <span class='ocrx_word' id='word_1_195' title='bbox 417 2524 483 2587; x_wconf 81' lang='lat' dir='ltr'><strong>sive</strong></span> <span class='ocrx_word' id='word_1_196' title='bbox 505 2526 596 2587; x_wconf 90' lang='lat' dir='ltr'><strong>etiam</strong></span> <span class='ocrx_word' id='word_1_197' title='bbox 616 2524 717 2586; x_wconf 79' lang='grc' dir='ltr'><strong><em>κῶλον</em></strong></span> <span class='ocrx_word' id='word_1_198' title='bbox 739 2532 769 2585; x_wconf 83' lang='grc' dir='ltr'><strong>οι</strong></span> <span class='ocrx_word' id='word_1_199' title='bbox 787 2523 883 2585; x_wconf 69' lang='lat' dir='ltr'><strong>natue</strong></span> <span class='ocrx_word' id='word_1_200' title='bbox 905 2523 1116 2604; x_wconf 70' lang='lat' dir='ltr'><strong>(cotaeleto)</strong></span> <span class='ocrx_word' id='word_1_201' title='bbox 1139 2543 1174 2589; x_wconf 88' lang='lat' dir='ltr'><strong>re</strong></span> <span class='ocrx_word' id='word_1_202' title='bbox 1194 2544 1285 2591; x_wconf 88' lang='lat' dir='ltr'><strong>unum</strong></span> 
     </span>
     <span class='ocr_line' id='line_1_24' title="bbox 183 2619 1287 2703; baseline 0.003 -20"><span class='ocrx_word' id='word_1_203' title='bbox 183 2628 306 2703; x_wconf 86' lang='lat' dir='ltr'><strong>sonant,</strong></span> <span class='ocrx_word' id='word_1_204' title='bbox 328 2621 387 2682; x_wconf 86' lang='lat' dir='ltr'><strong>boo</strong></span> <span class='ocrx_word' id='word_1_205' title='bbox 410 2628 457 2683; x_wconf 86' lang='lat' dir='ltr'><strong>est</strong></span> <span class='ocrx_word' id='word_1_206' title='bbox 482 2630 564 2684; x_wconf 88' lang='lat' dir='ltr'><strong>teres</strong></span> <span class='ocrx_word' id='word_1_207' title='bbox 586 2620 728 2701; x_wconf 86' lang='lat' dir='ltr'><strong>quiddam</strong></span> <span class='ocrx_word' id='word_1_208' title='bbox 748 2628 779 2682; x_wconf 91' lang='lat' dir='ltr'><strong>et</strong></span> <span class='ocrx_word' id='word_1_209' title='bbox 795 2619 995 2699; x_wconf 76' lang='lat' dir='ltr'><strong>cylindmtum</strong></span> <span class='ocrx_word' id='word_1_210' title='bbox 1011 2630 1044 2684; x_wconf 90' lang='lat' dir='ltr'><strong>ut</strong></span> <span class='ocrx_word' id='word_1_211' title='bbox 1058 2622 1235 2698; x_wconf 73' lang='grc' dir='ltr'><strong><em>σκυταλίδος</em></strong></span> <span class='ocrx_word' id='word_1_212' title='bbox 1256 2634 1287 2689; x_wconf 88' lang='lat' dir='ltr'><strong>et</strong></span> 
     </span>
    </p>
   </div>
   <div class='ocr_carea' id='block_1_3' title="bbox 183 2713 1288 3094">
    <p class='ocr_par' dir='ltr' id='par_1_3' title="bbox 183 2713 1288 3094">
     <span class='ocr_line' id='line_1_25' title="bbox 183 2713 1287 2801; baseline 0.005 -21"><span class='ocrx_word' id='word_1_213' title='bbox 183 2713 336 2798; x_wconf 75' lang='grc' dir='ltr'><strong>φάλαγγες</strong></span> <span class='ocrx_word' id='word_1_214' title='bbox 362 2718 533 2782; x_wconf 88' lang='lat' dir='ltr'><strong>internodia</strong></span> <span class='ocrx_word' id='word_1_215' title='bbox 561 2718 741 2800; x_wconf 76' lang='lat' dir='ltr'><strong>digitorum,</strong></span> <span class='ocrx_word' id='word_1_216' title='bbox 770 2727 934 2799; x_wconf 88' lang='lat' dir='ltr'><strong>partesque</strong></span> <span class='ocrx_word' id='word_1_217' title='bbox 963 2722 1105 2801; x_wconf 85' lang='lat' dir='ltr'><strong>corporis</strong></span> <span class='ocrx_word' id='word_1_218' title='bbox 1133 2728 1287 2786; x_wconf 80' lang='lat' dir='ltr'><strong>extremae</strong></span> 
     </span>
     <span class='ocr_line' id='line_1_26' title="bbox 183 2808 1288 2897; baseline 0.002 -17"><span class='ocrx_word' id='word_1_219' title='bbox 183 2833 220 2880; x_wconf 85' lang='lat' dir='ltr'><strong>aa</strong></span> <span class='ocrx_word' id='word_1_220' title='bbox 242 2808 407 2897; x_wconf 82' lang='lat' dir='ltr'><strong>praecipue</strong></span> <span class='ocrx_word' id='word_1_221' title='bbox 430 2833 521 2879; x_wconf 81' lang='lat' dir='ltr'><strong>arura</strong></span> <span class='ocrx_word' id='word_1_222' title='bbox 542 2824 654 2879; x_wconf 81' lang='lat' dir='ltr'><strong>uocata</strong></span> <span class='ocrx_word' id='word_1_223' title='bbox 675 2822 746 2880; x_wconf 92' lang='lat' dir='ltr'><strong>sunt</strong></span> <span class='ocrx_word' id='word_1_224' title='bbox 767 2818 860 2893; x_wconf 77' lang='grc' dir='ltr'><strong><em>κᾶλα,</em></strong></span> <span class='ocrx_word' id='word_1_225' title='bbox 888 2820 959 2896; x_wconf 89' lang='lat' dir='ltr'><strong>quta</strong></span> <span class='ocrx_word' id='word_1_226' title='bbox 981 2817 1019 2881; x_wconf 87' lang='lat' dir='ltr'><strong>ad</strong></span> <span class='ocrx_word' id='word_1_227' title='bbox 1041 2817 1190 2897; x_wconf 86' lang='lat' dir='ltr'><strong>reliquum</strong></span> <span class='ocrx_word' id='word_1_228' title='bbox 1213 2837 1288 2882; x_wconf 85' lang='lat' dir='ltr'><strong>cor-</strong></span> 
     </span>
     <span class='ocr_line' id='line_1_27' title="bbox 185 2915 1287 2996; baseline 0.003 -19"><span class='ocrx_word' id='word_1_229' title='bbox 185 2934 243 2996; x_wconf 94' lang='lat' dir='ltr'><strong>pus</strong></span> <span class='ocrx_word' id='word_1_230' title='bbox 272 2932 339 2979; x_wconf 90' lang='lat' dir='ltr'><strong>eam</strong></span> <span class='ocrx_word' id='word_1_231' title='bbox 361 2915 454 2978; x_wconf 84' lang='lat' dir='ltr'><strong>terme</strong></span> <span class='ocrx_word' id='word_1_232' title='bbox 476 2915 626 2978; x_wconf 86' lang='lat' dir='ltr'><strong>rationem</strong></span> <span class='ocrx_word' id='word_1_233' title='bbox 646 2916 775 2996; x_wconf 84' lang='lat' dir='ltr'><strong>babent,</strong></span> <span class='ocrx_word' id='word_1_234' title='bbox 811 2932 900 2994; x_wconf 92' lang='lat' dir='ltr'><strong>quam</strong></span> <span class='ocrx_word' id='word_1_235' title='bbox 921 2915 985 2977; x_wconf 89' lang='lat' dir='ltr'><strong>suri</strong></span> <span class='ocrx_word' id='word_1_236' title='bbox 1008 2915 1048 2979; x_wconf 90' lang='lat' dir='ltr'><strong>ad</strong></span> <span class='ocrx_word' id='word_1_237' title='bbox 1071 2924 1210 2980; x_wconf 90' lang='lat' dir='ltr'><strong>truuoum</strong></span> <span class='ocrx_word' id='word_1_238' title='bbox 1232 2936 1287 2980; x_wconf 89' lang='lat' dir='ltr'><strong>ar-</strong></span> 
     </span>
     <span class='ocr_line' id='line_1_28' title="bbox 184 3011 1287 3094; baseline 0.005 -22"><span class='ocrx_word' id='word_1_239' title='bbox 184 3012 320 3074; x_wconf 73' lang='grc' dir='ltr'><strong>οοοίε.22</strong></span> <span class='ocrx_word' id='word_1_240' title='bbox 357 3012 444 3075; x_wconf 89' lang='lat' dir='ltr'><strong>llaud</strong></span> <span class='ocrx_word' id='word_1_241' title='bbox 464 3013 675 3093; x_wconf 89' lang='lat' dir='ltr'><strong>improbabilis</strong></span> <span class='ocrx_word' id='word_1_242' title='bbox 697 3019 781 3077; x_wconf 86' lang='lat' dir='ltr'><strong>oerte</strong></span> <span class='ocrx_word' id='word_1_243' title='bbox 804 3011 837 3077; x_wconf 83' lang='lat' dir='ltr'><strong>C.</strong></span> <span class='ocrx_word' id='word_1_244' title='bbox 858 3013 1008 3094; x_wconf 81' lang='lat' dir='ltr'><strong>scaligeri</strong></span> <span class='ocrx_word' id='word_1_245' title='bbox 1028 3018 1210 3094; x_wconf 85' lang='lat' dir='ltr'><strong>conjectura</strong></span> <span class='ocrx_word' id='word_1_246' title='bbox 1230 3033 1287 3078; x_wconf 89' lang='lat' dir='ltr'><strong>su-</strong></span> 
     </span>
    </p>
   </div>
   <div class='ocr_carea' id='block_1_4' title="bbox 184 3187 1288 4159">
    <p class='ocr_par' dir='ltr' id='par_1_4' title="bbox 184 3187 1287 3586">
     <span class='ocr_line' id='line_1_29' title="bbox 251 3187 1286 3262; baseline 0.007 -21"><span class='ocrx_word' id='word_1_247' title='bbox 251 3188 297 3249; x_wconf 78' lang='lat'><strong>20)</strong></span> <span class='ocrx_word' id='word_1_248' title='bbox 316 3187 364 3239; x_wconf 87' lang='lat' dir='ltr'><strong>llic</strong></span> <span class='ocrx_word' id='word_1_249' title='bbox 382 3188 505 3242; x_wconf 86' lang='lat' dir='ltr'><strong>Brunelit</strong></span> <span class='ocrx_word' id='word_1_250' title='bbox 524 3199 647 3247; x_wconf 87' lang='lat' dir='ltr'><strong>accentus</strong></span> <span class='ocrx_word' id='word_1_251' title='bbox 665 3195 714 3259; x_wconf 89' lang='lat' dir='ltr'><strong>est,</strong></span> <span class='ocrx_word' id='word_1_252' title='bbox 732 3190 759 3243; x_wconf 85' lang='lat' dir='ltr'><strong>in</strong></span> <span class='ocrx_word' id='word_1_253' title='bbox 777 3191 834 3244; x_wconf 88' lang='lat' dir='ltr'><strong>cod.</strong></span> <span class='ocrx_word' id='word_1_254' title='bbox 853 3189 1000 3254; x_wconf 77' lang='grc' dir='ltr'><strong><em>ψιλίαοος</em></strong></span> <span class='ocrx_word' id='word_1_255' title='bbox 1017 3192 1121 3258; x_wconf 83' lang='lat' dir='ltr'><strong>legitur.</strong></span> <span class='ocrx_word' id='word_1_256' title='bbox 1156 3192 1185 3246; x_wconf 92' lang='lat' dir='ltr'><strong>ln</strong></span> <span class='ocrx_word' id='word_1_257' title='bbox 1204 3197 1286 3262; x_wconf 86' lang='lat' dir='ltr'><strong>primo</strong></span> 
     </span>
     <span class='ocr_line' id='line_1_30' title="bbox 184 3266 1286 3344; baseline 0.007 -22"><span class='ocrx_word' id='word_1_258' title='bbox 184 3284 263 3323; x_wconf 78' lang='lat' dir='ltr'><strong>versu</strong></span> <span class='ocrx_word' id='word_1_259' title='bbox 281 3270 344 3336; x_wconf 74' lang='grc' dir='ltr'><strong><em>ὄρος</em></strong></span> <span class='ocrx_word' id='word_1_260' title='bbox 360 3268 473 3338; x_wconf 74' lang='grc' dir='ltr'><strong>ἄκριτον</strong></span> <span class='ocrx_word' id='word_1_261' title='bbox 491 3273 549 3323; x_wconf 75' lang='lat' dir='ltr'><strong>telae</strong></span> <span class='ocrx_word' id='word_1_262' title='bbox 569 3276 686 3340; x_wconf 71' lang='grc' dir='ltr'><strong>νίμεσθε</strong></span> <span class='ocrx_word' id='word_1_263' title='bbox 704 3266 869 3329; x_wconf 73' lang='lat' dir='ltr'><strong>ectibendum</strong></span> <span class='ocrx_word' id='word_1_264' title='bbox 887 3274 990 3327; x_wconf 75' lang='lat' dir='ltr'><strong>videtur</strong></span> <span class='ocrx_word' id='word_1_265' title='bbox 1006 3274 1132 3342; x_wconf 61' lang='lat' dir='ltr'><strong>apparea.</strong></span> <span class='ocrx_word' id='word_1_266' title='bbox 1151 3274 1181 3328; x_wconf 90' lang='lat' dir='ltr'><strong>ltt</strong></span> <span class='ocrx_word' id='word_1_267' title='bbox 1194 3279 1286 3344; x_wconf 82' lang='lat' dir='ltr'><strong>proxi-</strong></span> 
     </span>
     <span class='ocr_line' id='line_1_31' title="bbox 187 3351 1286 3423; baseline 0.009 -19"><span class='ocrx_word' id='word_1_268' title='bbox 187 3366 228 3404; x_wconf 88' lang='lat' dir='ltr'><strong>mo</strong></span> <span class='ocrx_word' id='word_1_269' title='bbox 247 3351 335 3420; x_wconf 79' lang='lat' dir='ltr'><strong>Epigr.</strong></span> <span class='ocrx_word' id='word_1_270' title='bbox 355 3352 414 3409; x_wconf 79' lang='lat'><strong>226.</strong></span> <span class='ocrx_word' id='word_1_271' title='bbox 434 3352 512 3405; x_wconf 74' lang='grc' dir='ltr'><strong>τοίω</strong></span> <span class='ocrx_word' id='word_1_272' title='bbox 531 3354 678 3412; x_wconf 70' lang='lat' dir='ltr'><strong>litaturum</strong></span> <span class='ocrx_word' id='word_1_273' title='bbox 695 3353 825 3407; x_wconf 70' lang='lat' dir='ltr'><strong>lautiora</strong></span> <span class='ocrx_word' id='word_1_274' title='bbox 840 3354 872 3409; x_wconf 88' lang='lat' dir='ltr'><strong>ad</strong></span> <span class='ocrx_word' id='word_1_275' title='bbox 897 3370 1000 3411; x_wconf 87' lang='lat' dir='ltr'><strong>uersum</strong></span> <span class='ocrx_word' id='word_1_276' title='bbox 1022 3357 1179 3423; x_wconf 83' lang='lat' dir='ltr'><strong>explendum</strong></span> <span class='ocrx_word' id='word_1_277' title='bbox 1202 3360 1286 3414; x_wconf 86' lang='lat' dir='ltr'><strong>loter-</strong></span> 
     </span>
     <span class='ocr_line' id='line_1_32' title="bbox 185 3434 1287 3508; baseline 0.006 -21"><span class='ocrx_word' id='word_1_278' title='bbox 185 3439 247 3503; x_wconf 91' lang='lat' dir='ltr'><strong>poui</strong></span> <span class='ocrx_word' id='word_1_279' title='bbox 268 3441 355 3504; x_wconf 81' lang='lat' dir='ltr'><strong>potest</strong></span> <span class='ocrx_word' id='word_1_280' title='bbox 372 3434 478 3502; x_wconf 76' lang='grc' dir='ltr'><strong>(τοῦτό)</strong></span> <span class='ocrx_word' id='word_1_281' title='bbox 494 3454 525 3503; x_wconf 84' lang='grc' dir='ltr'><strong>γε</strong></span> <span class='ocrx_word' id='word_1_282' title='bbox 545 3454 586 3489; x_wconf 80' lang='lat' dir='ltr'><strong>ror</strong></span> <span class='ocrx_word' id='word_1_283' title='bbox 603 3442 631 3493; x_wconf 85' lang='lat' dir='ltr'><strong>el</strong></span> <span class='ocrx_word' id='word_1_284' title='bbox 647 3436 736 3504; x_wconf 80' lang='lat' dir='ltr'><strong>paullo</strong></span> <span class='ocrx_word' id='word_1_285' title='bbox 755 3444 815 3506; x_wconf 85' lang='lat' dir='ltr'><strong>post</strong></span> <span class='ocrx_word' id='word_1_286' title='bbox 833 3437 909 3490; x_wconf 75' lang='grc' dir='ltr'><strong><em>τοῦτό</em></strong></span> <span class='ocrx_word' id='word_1_287' title='bbox 935 3456 963 3492; x_wconf 77' lang='grc' dir='ltr'><strong>τε</strong></span> <span class='ocrx_word' id='word_1_288' title='bbox 985 3441 1107 3508; x_wconf 68' lang='lat' dir='ltr'><strong>donator</strong></span> <span class='ocrx_word' id='word_1_289' title='bbox 1130 3440 1287 3508; x_wconf 78' lang='grc' dir='ltr'><strong><em>ὀλιγόξολον</em></strong></span> 
     </span>
     <span class='ocr_line' id='line_1_33' title="bbox 185 3517 489 3586; baseline 0 -14"><span class='ocrx_word' id='word_1_290' title='bbox 185 3519 264 3573; x_wconf 83' lang='lat' dir='ltr'><strong>scribi</strong></span> <span class='ocrx_word' id='word_1_291' title='bbox 282 3532 328 3584; x_wconf 90' lang='lat' dir='ltr'><strong>pro</strong></span> <span class='ocrx_word' id='word_1_292' title='bbox 347 3517 489 3586; x_wconf 77' lang='grc' dir='ltr'><strong>ῥοπείειν.</strong></span> 
     </span>
    </p>

    <p class='ocr_par' dir='ltr' id='par_1_5' title="bbox 186 3600 1288 3993">
     <span class='ocr_line' id='line_1_34' title="bbox 252 3600 1288 3670; baseline 0.008 -22"><span class='ocrx_word' id='word_1_293' title='bbox 252 3601 297 3665; x_wconf 80' lang='lat'><strong>21)</strong></span> <span class='ocrx_word' id='word_1_294' title='bbox 320 3600 434 3667; x_wconf 77' lang='grc' dir='ltr'><strong>’.ίγκὺλα</strong></span> <span class='ocrx_word' id='word_1_295' title='bbox 457 3607 522 3666; x_wconf 76' lang='grc' dir='ltr'><strong><em>γυῖα</em></strong></span> <span class='ocrx_word' id='word_1_296' title='bbox 539 3600 658 3668; x_wconf 74' lang='grc' dir='ltr'><strong>χελώνης</strong></span> <span class='ocrx_word' id='word_1_297' title='bbox 679 3610 757 3669; x_wconf 79' lang='lat' dir='ltr'><strong>podia</strong></span> <span class='ocrx_word' id='word_1_298' title='bbox 774 3617 815 3670; x_wconf 82' lang='lat' dir='ltr'><strong>dp.</strong></span> <span class='ocrx_word' id='word_1_299' title='bbox 834 3600 922 3655; x_wconf 74' lang='lat' dir='ltr'><strong>Sahal.</strong></span> <span class='ocrx_word' id='word_1_300' title='bbox 942 3603 1020 3655; x_wconf 82' lang='lat' dir='ltr'><strong>Arist.</strong></span> <span class='ocrx_word' id='word_1_301' title='bbox 1041 3602 1107 3670; x_wconf 80' lang='lat' dir='ltr'><strong>qu·</strong></span> <span class='ocrx_word' id='word_1_302' title='bbox 1126 3605 1185 3659; x_wconf 73' lang='grc'><strong>534.</strong></span> <span class='ocrx_word' id='word_1_303' title='bbox 1204 3606 1288 3664; x_wconf 76' lang='grc' dir='ltr'><strong><em>Χίίος</em></strong></span> 
     </span>
     <span class='ocr_line' id='line_1_35' title="bbox 186 3681 1285 3746; baseline 0.009 -11"><span class='ocrx_word' id='word_1_304' title='bbox 186 3684 272 3735; x_wconf 79' lang='grc' dir='ltr'><strong><em>οαίλα</em></strong></span> <span class='ocrx_word' id='word_1_305' title='bbox 292 3681 373 3732; x_wconf 77' lang='grc' dir='ltr'>πόσιν</span> <span class='ocrx_word' id='word_1_306' title='bbox 388 3684 519 3746; x_wconf 68' lang='grc' dir='ltr'><strong><em>βαίνουσα</em></strong></span> <span class='ocrx_word' id='word_1_307' title='bbox 538 3684 569 3737; x_wconf 91' lang='lat' dir='ltr'><strong>ll.</strong></span> <span class='ocrx_word' id='word_1_308' title='bbox 590 3685 620 3737; x_wconf 90' lang='lat' dir='ltr'><strong>ll.</strong></span> <span class='ocrx_word' id='word_1_309' title='bbox 641 3687 667 3737; x_wconf 88' lang='lat' dir='ltr'><strong>in</strong></span> <span class='ocrx_word' id='word_1_310' title='bbox 686 3685 764 3739; x_wconf 84' lang='lat' dir='ltr'><strong>llere.</strong></span> <span class='ocrx_word' id='word_1_311' title='bbox 785 3687 827 3739; x_wconf 75' lang='lat'><strong>27.</strong></span> <span class='ocrx_word' id='word_1_312' title='bbox 855 3685 972 3738; x_wconf 86' lang='lat' dir='ltr'><strong>Sturilem</strong></span> <span class='ocrx_word' id='word_1_313' title='bbox 998 3685 1130 3739; x_wconf 83' lang='lat' dir='ltr'><strong>bourtuum</strong></span> <span class='ocrx_word' id='word_1_314' title='bbox 1155 3689 1285 3745; x_wconf 75' lang='lat' dir='ltr'><strong>incessum</strong></span> 
     </span>
     <span class='ocr_line' id='line_1_36' title="bbox 187 3763 1283 3842; baseline 0.006 -24"><span class='ocrx_word' id='word_1_315' title='bbox 187 3769 333 3832; x_wconf 79' lang='lat' dir='ltr'><strong>exprimunt</strong></span> <span class='ocrx_word' id='word_1_316' title='bbox 349 3763 429 3818; x_wconf 78' lang='lat' dir='ltr'><strong>vtttbd</strong></span> <span class='ocrx_word' id='word_1_317' title='bbox 446 3764 664 3817; x_wconf 69' lang='grc' dir='ltr'><strong><em>(ίιασαυλοῦοθοι</em></strong></span> <span class='ocrx_word' id='word_1_318' title='bbox 682 3772 709 3821; x_wconf 77' lang='lat' dir='ltr'><strong>el</strong></span> <span class='ocrx_word' id='word_1_319' title='bbox 728 3766 953 3833; x_wconf 69' lang='grc' dir='ltr'><strong>οιιυίοοιρωκτιᾷν</strong></span> <span class='ocrx_word' id='word_1_320' title='bbox 969 3768 996 3821; x_wconf 79' lang='lat' dir='ltr'><strong>id</strong></span> <span class='ocrx_word' id='word_1_321' title='bbox 1014 3775 1055 3823; x_wconf 76' lang='lat' dir='ltr'><strong>ost</strong></span> <span class='ocrx_word' id='word_1_322' title='bbox 1072 3767 1105 3819; x_wconf 76' lang='grc' dir='ltr'><strong>τὰ</strong></span> <span class='ocrx_word' id='word_1_323' title='bbox 1123 3770 1200 3839; x_wconf 71' lang='grc' dir='ltr'><strong><em>ἰσχία</em></strong></span> <span class='ocrx_word' id='word_1_324' title='bbox 1212 3791 1283 3842; x_wconf 75' lang='grc' dir='ltr'><strong><em>περι-</em></strong></span> 
     </span>
     <span class='ocr_line' id='line_1_37' title="bbox 186 3848 1285 3920; baseline 0.014 -23"><span class='ocrx_word' id='word_1_325' title='bbox 186 3848 260 3912; x_wconf 74' lang='grc' dir='ltr'><strong>οαᾷν</strong></span> <span class='ocrx_word' id='word_1_326' title='bbox 278 3864 369 3910; x_wconf 75' lang='lat' dir='ltr'><strong>cavere,</strong></span> <span class='ocrx_word' id='word_1_327' title='bbox 387 3861 533 3915; x_wconf 84' lang='lat' dir='ltr'><strong>uoruenque</strong></span> <span class='ocrx_word' id='word_1_328' title='bbox 550 3849 695 3903; x_wconf 77' lang='lat' dir='ltr'><strong>saltationis</strong></span> <span class='ocrx_word' id='word_1_329' title='bbox 719 3849 851 3905; x_wconf 83' lang='lat' dir='ltr'><strong>obscenae</strong></span> <span class='ocrx_word' id='word_1_330' title='bbox 877 3851 1003 3919; x_wconf 61' lang='lat' dir='ltr'><strong>acuatum</strong></span> <span class='ocrx_word' id='word_1_331' title='bbox 1029 3858 1056 3907; x_wconf 92' lang='lat' dir='ltr'><strong>et</strong></span> <span class='ocrx_word' id='word_1_332' title='bbox 1078 3853 1285 3920; x_wconf 61' lang='lat' dir='ltr'><strong>tannetarium</strong></span> 
     </span>
     <span class='ocr_line' id='line_1_38' title="bbox 186 3928 409 3993; baseline 0.004 -17"><span class='ocrx_word' id='word_1_333' title='bbox 186 3932 271 3993; x_wconf 75' lang='lat' dir='ltr'><strong>puellus</strong></span> <span class='ocrx_word' id='word_1_334' title='bbox 289 3928 409 3993; x_wconf 73' lang='grc' dir='ltr'><strong>κολαβίς.</strong></span> 
     </span>
    </p>

    <p class='ocr_par' dir='ltr' id='par_1_6' title="bbox 186 4008 1285 4159">
     <span class='ocr_line' id='line_1_39' title="bbox 252 4008 1285 4092; baseline 0.009 -28"><span class='ocrx_word' id='word_1_335' title='bbox 252 4010 298 4074; x_wconf 81' lang='lat'><strong>22)</strong></span> <span class='ocrx_word' id='word_1_336' title='bbox 324 4011 360 4061; x_wconf 79' lang='grc' dir='ltr'><strong>Τὸ</strong></span> <span class='ocrx_word' id='word_1_337' title='bbox 377 4009 432 4061; x_wconf 75' lang='lat' dir='ltr'><strong>«tad</strong></span> <span class='ocrx_word' id='word_1_338' title='bbox 458 4008 591 4076; x_wconf 75' lang='grc' dir='ltr'><strong>τραχήλου</strong></span> <span class='ocrx_word' id='word_1_339' title='bbox 616 4013 714 4080; x_wconf 73' lang='grc' dir='ltr'><em>μέχρις</em></span> <span class='ocrx_word' id='word_1_340' title='bbox 739 4013 853 4063; x_wconf 75' lang='grc' dir='ltr'><strong><em>αίιίοίων</em></strong></span> <span class='ocrx_word' id='word_1_341' title='bbox 870 4013 948 4072; x_wconf 64' lang='lat' dir='ltr'><strong>auro,-</strong></span> <span class='ocrx_word' id='word_1_342' title='bbox 973 4018 1019 4068; x_wconf 74' lang='grc' dir='ltr'><strong>τοῦ</strong></span> <span class='ocrx_word' id='word_1_343' title='bbox 1036 4017 1163 4085; x_wconf 78' lang='grc' dir='ltr'><strong><em>σώμαιος</em></strong></span> <span class='ocrx_word' id='word_1_344' title='bbox 1179 4020 1285 4092; x_wconf 75' lang='grc' dir='ltr'><strong><em>κορμόν</em></strong></span> 
     </span>
     <span class='ocr_line' id='line_1_40' title="bbox 186 4090 987 4159; baseline 0.016 -21"><span class='ocrx_word' id='word_1_345' title='bbox 186 4090 315 4141; x_wconf 77' lang='grc' dir='ltr'><strong>καλοῦσιν</strong></span> <span class='ocrx_word' id='word_1_346' title='bbox 332 4092 474 4148; x_wconf 72' lang='grc' dir='ltr'><em>ἰδιωτικῶς</em></span> <span class='ocrx_word' id='word_1_347' title='bbox 490 4091 562 4144; x_wconf 85' lang='lat' dir='ltr'><strong>Eust.</strong></span> <span class='ocrx_word' id='word_1_348' title='bbox 580 4092 639 4159; x_wconf 75' lang='grc'><strong>835,</strong></span> <span class='ocrx_word' id='word_1_349' title='bbox 657 4097 698 4151; x_wconf 81' lang='grc'><strong>50.</strong></span> <span class='ocrx_word' id='word_1_350' title='bbox 719 4100 746 4148; x_wconf 91' lang='lat' dir='ltr'><strong>ut</strong></span> <span class='ocrx_word' id='word_1_351' title='bbox 763 4095 846 4149; x_wconf 85' lang='lat' dir='ltr'><strong>Latini</strong></span> <span class='ocrx_word' id='word_1_352' title='bbox 866 4104 987 4151; x_wconf 68' lang='lat' dir='ltr'><strong>tuocum.</strong></span> 
     </span>
    </p>
   </div>
   <div class='ocr_carea' id='block_1_5' title="bbox 0 0 1339 4756">
    <p class='ocr_par' dir='ltr' id='par_1_7' title="bbox 0 0 1339 4756">
     <span class='ocr_line' id='line_1_41' title="bbox 0 0 1339 4756; baseline 0 0"><span class='ocrx_word' id='word_1_353' title='bbox 0 0 1339 4756; x_wconf 95' lang='lat' dir='ltr'><strong> </strong></span> 
     </span>
    </p>
   </div>
  </div>
 </body>
</html>
