2648 4756
111 342 160 408 DE
181 341 277 410 NOM.
300 338 468 419 ottonum
487 338 599 405 GHAR
619 337 697 405 EST
717 337 924 410 [innuitis.
946 340 1014 411 (λά
1029 348 1060 421 9.
1074 344 1103 415 1.
1123 347 1186 414 ³51

109 506 208 570 eulina
229 501 382 568 Κινάδων
400 505 493 587 Late,
514 498 657 577 ονιιιδεύς
677 503 774 583 piscis
796 504 849 585 qui
869 510 901 569 et
920 505 1045 571 οιάιιινα
1059 516 1191 575 ueeutur

109 611 118 667 t
146 605 242 668 latine
270 604 377 667 umbra
402 621 430 669 v.
455 602 572 667 Cernes
600 601 640 665 uti
666 599 800 666 Xeuoer.
826 619 855 682 p.
883 602 932 669 98
961 622 981 670 u
1007 613 1129 688 στοῖχος
1154 617 1189 674 ut

109 704 311 765 ¹rammutieus
333 703 427 766 Cium.
453 701 485 764 T.
506 701 556 763 lV.
578 699 648 763 320.
672 694 751 771 Ζεύς
771 695 959 779 Σιοιχιιδεύς
985 721 1004 767 a
1031 705 1188 785 sicyoniis

109 807 292 863 onsecrutus
314 795 390 861 διότι
409 792 488 861 κοινά
509 793 612 879 mutus
632 791 763 870 ἑαυτοὺς
783 793 894 874 ἔταξαν
928 796 982 863 καὶ
1000 793 1187 885 ἠρίθμησαν.

109 953 112 960 ,
136 899 309 961 numinibus
330 899 360 960 in
382 885 419 970 οἷς
439 896 605 976 gentilitiis
620 891 805 976 Ἐχινοιδεύς,
824 891 1188 990 Θυνιαδεύς,Ἇριιαᾶεύς;

109 991 256 1075 ’ρωνδεύς
276 1013 294 1057 a
314 997 473 1076 Stephano
493 999 663 1057 memorata
684 1001 716 1055 ut
738 1010 757 1056 a
779 994 894 1067 Χαλκίς
914 992 1101 1075 Χαλκιδεύς,
1121 1002 1188 1067 Ka.

109 1095 132 1167 ῖς
154 1088 317 1171 Repetens,
343 1094 435 1165 Πίοις
457 1087 613 1164 Πιοιδεάς.
657 1091 760 1154 Tertio
792 1093 952 1155 feminina:
980 1088 1112 1176 μάγαδις
1136 1099 1188 1163 111.

109 1198 284 1254 trumentum
305 1193 454 1253 musiuum
475 1192 559 1252 varie
581 1190 729 1270 seriptum
750 1186 865 1270 μονάς,
886 1186 1033 1274 μαγάδης,
1053 1190 1187 1279 μογάδη,

109 1304 144 1351 νο
165 1290 254 1351 unius
278 1290 414 1351 tortasse
434 1289 566 1369 figurae,
597 1291 685 1366 eujus
713 1288 905 1351 inventorem
926 1289 1050 1369 Mugdiu
1070 1293 1188 1375 ieruut;

109 1382 186 1467 νγάς
206 1403 279 1448 vero
303 1387 411 1449 dieitur
432 1385 607 1465 ponticulus
635 1386 720 1463 lyme
741 1403 770 1447 v.
799 1386 970 1450 iiemsterit.
999 1387 1038 1451 ati
1063 1389 1188 1456 suetan.

109 1498 123 1548 t
145 1485 180 1548 D.
201 1484 262 1547 Vii.
285 1490 314 1557 §-
335 1484 363 1548 4.
387 1490 417 1547 et
438 1483 580 1545 Lureier.
607 1481 645 1545 ud
665 1481 777 1545 Herod.
801 1484 834 1545 T.
855 1484 904 1547 lii.
925 1484 996 1549 580.
1018 1503 1037 1549 a
1057 1478 1189 1569 βεμβράς

109 1577 284 1663 εμβραδών,
307 1583 345 1645 ab
368 1583 474 1660 ignote
497 1586 598 1657 etymo
619 1574 774 1659 νετράδων
795 1582 862 1643 avis
883 1597 995 1645 nomen
1015 1586 1189 1665 sumpturae

109 1681 263 1761 mbiguae,
283 1673 450 1759 ιιιιρκάόων
472 1672 631 1757 Χάροντος
651 1672 789 1754 δάνειον,
814 1669 872 1758 οὐχ
893 1671 935 1751 ὦς
948 1675 1035 1747 Ιάνιοι
1055 1678 1190 1766 βοτάνης

109 1801 188 1859 vona
210 1777 293 1840 Suiti.
315 1776 398 1857 quoti
425 1775 674 1838 iiemsteriiusius
697 1775 813 1837 eemiee
834 1775 936 1838 iietum
958 1785 1046 1856 putat
1067 1785 1101 1843 ut
1120 1782 1189 1846 νίν-

109 1878 183 1956 ιιβος
204 1882 235 1938 et
256 1876 381 1949 ψωθίον
401 1874 432 1935 iu
458 1872 653 1935 Pherecratis
683 1872 886 1952 Cruputuiiis;
914 1873 1005 1939 hodie
1031 1873 1190 1959 κάρνιιοον

109 1976 196 2038 icitur
227 1974 337 2052 iungus
371 1969 522 2048 ellychnii.
571 1969 633 2033 Sed
669 1971 842 2033 certissima
870 1976 901 2034 et
935 1977 1189 2044 numerosissima

109 2088 263 2152 magogas
286 2069 425 2148 exempla
443 2072 567 2129 manant
588 2066 627 2128 ab
650 2065 814 2147 adverbiis,
837 2084 899 2130 non
914 2069 984 2150 iilis,
1005 2070 1086 2155 dieo,
1107 2092 1187 2156 quae

109 2188 118 2233 t
152 2170 264 2233 Pamil.
298 2166 365 2230 153.
399 2163 564 2245 perstriuxi
591 2155 758 2242 ἀμφαδόν,
786 2163 1001 2247 πορνφθιιδόν
1028 2175 1087 2233 ete.
1116 2187 1187 2236 uam

109 2284 165 2331 uee
187 2267 278 2346 alpha
303 2264 390 2326 verbi
418 2261 548 2335 habeut,
579 2258 635 2321 sei
656 2260 768 2338 loquor
797 2261 835 2325 de
862 2264 1065 2328 nominalibus
1086 2286 1187 2346 μετω-

109 2360 200 2439 αδόν,
222 2355 395 2442 ἐπωμαὸόν,
417 2351 586 2437 σποράδην,
608 2353 827 2440 προτροπάδην
840 2368 870 2423 et
885 2364 1007 2443 osteum,
1022 2380 1101 2442 quae
1114 2373 1187 2429 notu

109 2470 169 2526 unt.
209 2462 339 2539 Parique
361 2460 481 2521 ratione
503 2454 704 2517 discernimus
727 2455 878 2536 adjectiva
900 2467 992 2539 prout
1014 2478 1033 2522 a
1054 2462 1188 2542 primur-

109 2564 146 2623 iis
168 2559 217 2620 uel
246 2558 345 2620 seium
368 2557 459 2635 aipiuu
480 2559 662 2629 receperunt
690 2553 739 2615 vel
761 2556 851 2634 alpha
874 2566 904 2620 et
925 2558 1016 2639 delia,
1038 2558 1086 2621 vel
1107 2575 1187 2622 neu-

109 2675 175 2720 ·um.
224 2656 313 2717 Primi
343 2655 465 2734 generis
494 2655 566 2714 sunt
593 2642 722 2743 Quos
753 2648 816 2733 ἅμα
842 2656 885 2740 τῷ
917 2659 1096 2734 νιροςελιθεῐν
1124 2651 1186 2720 άιιό

109 2757 143 2818 οὗ
166 2750 229 2833 ἅμα
248 2749 434 2832 παράγωγον
451 2744 502 2811 διά
524 2748 580 2809 τοῦ
602 2751 667 2820 (itus
688 2749 741 2810 καὶ
768 2748 866 2824 πολὺς
894 2747 911 2815 ὁ
939 2750 1093 2834 χαρακτήρ
1119 2755 1185 2821 Eut

109 2855 137 2933 5,
159 2852 208 2914 22.
229 2851 311 2930 qued
334 2851 360 2914 si
383 2851 451 2927 quis
473 2847 511 2909 eb
534 2839 654 2924 ὁμαὸόν
675 2847 724 2908 vel
746 2841 874 2927 ὁμοιὸίς4
900 2852 1040 2912 extitisse
1062 2852 1186 2931 mavult,

109 2950 234 3013 abemus
257 2949 317 3009 aiiu
338 2950 368 3008 in
390 2944 537 3007 subsidiis
560 2943 677 3005 locata:
708 2946 846 3025 μίνυνθα
865 2945 917 3009 καὶ
944 2948 1113 3026 παραγωγῇ
1140 2967 1187 3024 μι-

109 3042 258 3117 meinos
278 3045 342 3106 EM.
364 3042 433 3123 588,
459 3042 504 3104 15.
526 3037 694 3121 διχθάὸιος,
715 3040 910 3121 μιγδάθιος,·”
930 3039 1082 3115 ἐνθάδιος.
1126 3044 1187 3108 ὃν·

109 3145 177 3207 undi
206 3143 327 3221 generis
356 3135 548 3218 κατωμάδιος
574 3132 635 3200 άπὸ
664 3140 718 3200 τοῦ
752 3136 935 3219 κατωμαδόν
965 3135 1006 3214 ὡς
1040 3134 1187 3222 άμφαδάν

109 3238 258 3323 ιιφάδιος,
281 3235 409 3301 ἐκταδόν
429 3229 568 3309 ἓκτάὸιος
597 3238 731 3315 Tlteogn.
754 3256 782 3317 p.
806 3239 854 3301 58.
884 3239 983 3317 Etym.
1011 3239 1084 3302 Gud.
1114 3239 1186 3321 308,

109 3342 136 3403 5.
161 3340 199 3400 cs.
221 3338 328 3399 Purull.
352 3338 419 3400 150.
441 3331 655 3415 καταλοφάδιοι
676 3330 718 3407 ὡς
738 3331 916 3414 κατωμάὸια
936 3337 1009 3397 HeS.
1038 3336 1111 3397 lieet
1132 3358 1186 3398 κα-

109 3430 265 3514 ιλοφιιὸόν
286 3433 431 3495 indictum
453 3435 493 3496 sit
515 3439 547 3494 ut
577 3439 607 3494 et
634 3426 784 3494 ὑπωιιδόν
811 3431 890 3493 unde
918 3425 1083 3504 ὗνωάδιος.
1130 3432 1186 3496 His

152 3715 182 3779 4)
208 3712 247 3763 Τά
269 3710 314 3761 διὰ
332 3710 379 3760 τοῦ
396 3697 457 3767 α-δῖξ
475 3709 635 3776 ieiunitatis
650 3707 796 3777 βαρύνεται
816 3707 951 3776 φνγάδις,
971 3704 1084 3763 οἶκάδις.
1103 3709 1186 3767 Σεση-

109 3803 202 3850 stenae
220 3793 249 3844 ιὸ
267 3791 364 3859 inmitt-
381 3794 437 3845 Em.
458 3794 517 3858 806,
535 3795 560 3847 8.
581 3794 690 3847 Giessae
710 3791 883 3846 Graecobatb.
903 3789 944 3841 liu
967 3788 1047 3854 Cuug.
1067 3784 1187 3853 Ἀνιιὶμιι

109 3879 205 3935 escuir,
225 3875 336 3943 άμιιάίν.

156 3961 185 4025 5)
204 3960 251 4011 Ρῐθ
268 3957 422 4026 μ’κθάῶῡν
441 3957 580 4013 Herodian·
600 3972 627 4004 π·
647 3957 716 4004 Mov-
735 3968 760 4020 p·
781 3954 820 4008 ts.
841 3949 1006 4005 scribendum
1029 3952 1070 4005 est
1087 3947 1186 4017 διχθά·

109 4062 155 4099 wc,
176 4041 246 4107 quoti
267 4042 372 4106 neglexi
391 4054 495 4095 mouere
513 4042 539 4092 in
559 4038 650 4091 Parati.
671 4038 712 4090 tu.
733 4049 791 4088 uum
811 4034 930 4100 ομίγδα
948 4032 1062 4088 debebat
1085 4030 1186 4100 μηδά-

110 4142 151 4177 ιοι·
171 4123 239 4175 duci.
