2648 4756
370 302 373 306 ⁵
450 315 774 385 nlssnurttio
810 314 873 381 vn.

555 528 664 594 CAP.
706 529 759 595 iv.

187 672 219 741 §-
241 664 269 729 1.
310 662 400 729 Nunc
421 680 524 728 sermo
546 665 578 726 in
599 680 668 727 eunt
688 661 838 726 deductus
860 671 909 727 est
925 662 1078 727 locuruut
1093 661 1133 726 de
1146 679 1215 726 nu-

105 763 277 829 tatiouibus
303 762 524 826 elementorum
552 760 767 841 exponendum
788 762 838 824 sit.
889 760 1029 824 Vocaies
1055 760 1216 841 ancipites,

106 878 186 943 quae
207 860 390 940 gutturalenr
408 859 614 940 praecedunt,
637 859 815 939 pierumque
836 859 948 923 breves
969 866 1053 922 sunt
1097 858 1215 940 Hippo-

106 975 170 1023 nax
197 966 300 1022 tannen
326 957 373 1021 br.
393 958 443 1022 44.
470 952 633 1038 φαρμακός
660 964 707 1020 ιιι
735 965 905 1037 quaterque
933 958 981 1020 sic
1002 959 1171 1038 usurpavit
1186 964 1215 1020 ut

107 1057 239 1121 mediam
260 1055 458 1136 protenderet
482 1055 532 1118 uei
560 1070 731 1118 consonam
759 1053 941 1135 geminando
963 1063 996 1117 ut
1016 1049 1171 1118 κέλευον
1188 1061 1217 1118 οι

109 1151 210 1236 inopi,
242 1153 293 1216 uel
314 1152 515 1234 productione
537 1152 672 1233 vocalis,
705 1151 745 1216 dc
771 1169 833 1233 qua
852 1152 1062 1233 Harpocratio
1094 1169 1121 1217 s.
1140 1153 1169 1217 b
1189 1168 1216 1217 τ.

110 1254 252 1318 disserit:
288 1250 427 1330 Δίδυμος
455 1251 668 1335 προιεριοπᾴν
688 1243 772 1326 α’ξιοῖ
794 1246 934 1330 τοῦνομα
961 1242 1025 1312 ἄλλ’
1053 1245 1142 1331 rim
1159 1245 1217 1332 οὐχ

108 1346 298 1430 εὑριοιιομεν.
333 1347 500 1426 Peregrina
520 1346 655 1425 regulam
676 1345 863 1426 detrectant3
884 1364 957 1411 narn
974 1344 1117 1430 δαιάιιης
1130 1349 1217 1430 abba

110 1449 236 1527 longum
255 1445 357 1525 babet,
378 1443 434 1507 sed
459 1439 629 1525 Φαρνάκης
647 1445 742 1507 Arist
762 1446 839 1507 Λιι.
864 1444 952 1509 1025.
975 1446 1073 1509 breue
1093 1454 1132 1509 ut
1150 1451 1217 1510 Δι-

111 1540 209 1627 ιάκης
228 1543 341 1608 Αοεοιι.
360 1541 446 1605 Pers.
469 1540 539 1605 309.
562 1540 674 1605 Otaces
694 1540 795 1605 Vaier.
816 1542 915 1606 blanc.
936 1543 984 1607 vt
1009 1544 1081 1610 120.
1109 1546 1217 1627 bisque

112 1646 218 1709 notius
239 1645 384 1719 Arsaces,
407 1655 522 1719 anceps
537 1634 745 1720 Φαρανιιὼιης
757 1658 784 1703 v.
797 1639 926 1720 interpr.
947 1640 986 1703 ad
1000 1643 1120 1707 Aescb
1133 1644 1218 1708 Pers

113 1760 141 1805 v.
162 1741 213 1802 31.
240 1731 414 1814 Ταρρὠοι
442 1735 497 1797 Sil.
519 1735 585 1799 itai.
605 1734 656 1798 ιιι
676 1735 747 1801 369.
777 1738 999 1817 pronunciatur
1020 1747 1054 1803 ut
1074 1742 1218 1807 Arbacus

112 1834 162 1901 ut
181 1834 252 1897 362
280 1838 311 1895 et
339 1828 501 1909 σαλάκων,
532 1828 671 1911 Συραιό
691 1850 766 1896 vero
794 1840 827 1897 ut
848 1832 982 1914 τριαιάς.
1024 1837 1096 1902 Iota
1122 1842 1217 1905 variat

115 1948 177 1994 nox
203 1932 331 2017 μοριιη,
367 1929 416 1991 oui
439 1928 522 2008 quod
539 1929 707 2009 respondet
725 1931 755 1992 in
780 1931 876 1995 aitero
897 1951 1043 2000 sermone
1064 1942 1217 2019 ιαοιοιιι,

112 2027 338 2107 berricograpbi
350 2027 490 2090 vocalem
509 2028 540 2089 in
554 2026 708 2090 deeiinatu
726 2029 882 2107 corripere
902 2032 1062 2116 nibrruant,
1084 2052 1150 2116 qno
1161 2054 1218 2101 ou-

114 2132 202 2191 ctore
222 2127 329 2189 nescio
352 2124 408 2187 sed
429 2123 555 2186 credere
576 2141 640 2186 non
659 2125 771 2189 abnuo
819 2125 938 2191 Ceteris
965 2129 1061 2195 breve
1091 2142 1143 2197 est
1162 2136 1218 2199 nisi

113 2223 237 2306 ροιοιο
259 2239 314 2302 μοι
334 2222 510 2285 insitionem
530 2222 659 2284 increvit
678 2228 710 2284 ut
730 2216 883 2304 οιιάριφος
903 2226 1038 2306 punitum
1057 2232 1157 2297 mode
1171 2234 1219 2297 ut-

115 2328 179 2387 stat
200 2338 219 2384 a
238 2315 375 2399 κάρφος,
404 2313 526 2397 τάριχος
547 2335 565 2380 ιι
585 2315 712 2398 τάρχος,
741 2319 821 2383 unde
842 2320 980 2387 derivata
997 2326 1172 2409 ταριχεύειν
1190 2340 1221 2396 οι

114 2415 257 2500 ταρχύαν
284 2422 399 2480 tantum
424 2417 503 2477 inter
530 2433 565 2479 se
587 2415 727 2479 differunt
754 2425 900 2495 quantuni
919 2420 1013 2485 latina
1036 2428 1171 2493 οοιιᾶτο
1189 2436 1220 2493 οι

117 2519 269 2596 condere,
295 2509 445 2593 ταρχηρός
461 2521 559 2575 autern
582 2514 612 2575 in
637 2514 731 2594 Sopb.
755 2514 909 2592 Triptiv.
924 2533 1055 2595 prorsus
1075 2525 1155 2589 nibii
1165 2526 1219 2590 ‹tit-

117 2618 177 2678 tert
198 2631 216 2676 a
236 2607 407 2691 ταριχηρός,
428 2610 510 2689 quod
532 2610 603 2673 clini
624 2611 673 2672 bic
694 2610 896 2676 scribebatur.
924 2615 969 2678 Dc
989 2618 1088 2683 latino
1113 2628 1217 2688 οτιιοο

116 2713 169 2775 vix
195 2708 354 2789 dijudicari
375 2714 480 2788 potest
500 2713 599 2770 utrurn
622 2724 641 2769 a
661 2703 767 2788 φύσκη
790 2715 888 2772 οιιιιοι
910 2715 951 2776 sit
972 2731 1012 2776 an
1033 2733 1051 2779 a
1073 2716 1217 2803 φύσιμξι

115 2809 183 2875 Νοο
203 2809 314 2872 desunt
342 2806 497 2868 contraria
524 2806 681 2868 cinerosis
711 2808 859 2885 exempla.
900 2809 1000 2890 Aipba
1022 2816 1105 2881 enirn
1127 2823 1218 2883 remi·

118 2915 225 2973 serunt
245 2902 341 2986 τάρχη
361 2898 482 2983 (ταρχὴ)
503 2898 626 2983 τάραξις
646 2904 718 2966 Hes
738 2905 912 2982 ταργαίαειν
928 2905 1100 2992 ταράττειν,
1124 2912 1217 2997 &top-

117 3030 171 3088 ρος
191 3003 352 3085 ἀτάραχος,
375 3001 561 3081 eandemque
582 3001 698 3063 literam
719 3002 775 3064 sed
797 3003 827 3064 in
850 3012 935 3082 parte
952 3008 1098 3074 vocabuli
1117 3017 1218 3092 priore

118 3109 295 3165 exemerunt
307 3100 416 3162 Graeci
436 3096 565 3176 θράσσοι
587 3099 723 3162 dicentes
737 3115 793 3176 pro
809 3097 961 3178 topcieoo.
984 3107 1135 3173 Similiter
1148 3116 1216 3192 μαι.

118 3193 182 3273 κός,
203 3196 286 3276 quod
306 3196 478 3272 Hesychius
495 3196 582 3258 affert
603 3212 659 3275 pro
682 3192 826 3274 μαλακός,
849 3198 940 3278 alpbn
954 3205 1125 3271 secundum
1143 3214 1217 3274 anri-

119 3296 177 3373 sit,
199 3291 273 3375 βλάξ
292 3293 324 3356 id
345 3300 393 3356 est
413 3288 510 3370 μάιαξ
531 3294 658 3371 priunum
679 3310 707 3354 v.
728 3293 836 3356 Paraii.
849 3295 898 3360 95.
920 3301 1034 3380 quippe
1057 3321 1075 3366 a
1095 3305 1214 3371 divam

120 3394 224 3472 specie
246 3392 349 3471 stirpis
369 3395 431 3471 μαι
452 3398 482 3453 et
502 3392 560 3470 {ita
581 3397 614 3452 ut
633 3412 692 3468 ταρ
713 3399 743 3453 et
764 3400 838 3471 ιιρα.
880 3395 927 3458 Ab
949 3397 1051 3478 ellipsi
1073 3411 1106 3465 et
1128 3406 1215 3486 pico-

119 3505 227 3552 nasrno
251 3498 372 3551 transeo
396 3488 435 3551 ad
455 3488 650 3569 metalepsin:
672 3482 790 3551 ἁλυκόν
811 3484 953 3573 ἆττικῶς,
974 3487 1086 3560 toxo
1106 3505 1215 3577 κοινός

119 3587 215 3651 bloet.
235 3579 368 3657 ἀστακός
388 3585 543 3649 Demostb.
567 3585 654 3649 ttrt.
679 3586 751 3664 Lys.
771 3586 842 3667 590,
863 3587 890 3652 9.
920 3591 1012 3656 Tbuc.
1035 3596 1069 3660 V.
1091 3598 1143 3664 20.
1169 3602 1216 3664 ubi

120 3685 208 3750 codd.
236 3685 334 3747 minus
363 3684 483 3762 probati
511 3676 635 3756 ἀστικός
666 3685 824 3762 praebent.
871 3687 948 3751 Huic
975 3694 1104 3771 ypsiion
1132 3701 1215 3780 quasi

42 3986 53 3997 ..
189 3937 216 4000 1)
234 3935 346 4003 Hesych.
366 3935 456 4002 ἐρίκεα
474 3934 637 4005 φράγματι,
655 3938 757 4007 spineo,-
775 3940 909 4010 φραγμοῦ
924 3956 971 4009 pro
993 3941 1094 4012 epure,
1119 3949 1212 4019 ἕρκεος.

119 4013 204 4082 Supra
222 4014 355 4083 ἐραχάιαι
376 4019 495 4086 ejusdem
511 4021 698 4088 interpretabar
717 4018 837 4094 ιῖριιται,
861 4023 960 4092 (palor
984 4024 1014 4077 τὸ
1041 4027 1159 4099 δράγμα
1176 4033 1212 4090 ιιι

120 4093 239 4164 φράγμα
256 4112 303 4164 pro
321 4099 434 4168 ιιργμόι·
451 4100 570 4157 fortasse.
