<?xml version="1.0" encoding="UTF-8"?>
<!DOCTYPE html PUBLIC "-//W3C//DTD XHTML 1.0 Transitional//EN"
    "http://www.w3.org/TR/xhtml1/DTD/xhtml1-transitional.dtd">
<html xmlns="http://www.w3.org/1999/xhtml" xml:lang="en" lang="en">
 <head>
  <title>
</title>
<meta http-equiv="Content-Type" content="text/html;charset=utf-8" />
  <meta name='ocr-system' content='tesseract 3.04.00' />
  <meta name='ocr-capabilities' content='ocr_page ocr_carea ocr_par ocr_line ocrx_word'/>
</head>
<body>
  <div class='ocr_page' id='page_1' title='image "./pathologiaeserm00lobegoog_0273.png"; bbox 0 0 2648 4756; ppageno 0'>
   <div class='ocr_carea' id='block_1_1' title="bbox 155 316 920 402">
    <p class='ocr_par' dir='ltr' id='par_1_1' title="bbox 155 316 920 402">
     <span class='ocr_line' id='line_1_1' title="bbox 155 316 920 402; baseline -0.004 -15"><span class='ocrx_word' id='word_1_1' title='bbox 155 333 226 402; x_wconf 66' lang='lat'><strong>200</strong></span> <span class='ocrx_word' id='word_1_2' title='bbox 521 317 845 386; x_wconf 78' lang='lat' dir='ltr'><strong>ntssuuuauto</strong></span> <span class='ocrx_word' id='word_1_3' title='bbox 881 316 920 384; x_wconf 75' lang='lat' dir='ltr'><strong>V.</strong></span> 
     </span>
    </p>
   </div>
   <div class='ocr_carea' id='block_1_2' title="bbox 161 482 1304 1759">
    <p class='ocr_par' dir='ltr' id='par_1_2' title="bbox 161 482 1304 1759">
     <span class='ocr_line' id='line_1_2' title="bbox 161 482 1269 571; baseline -0.012 -8"><span class='ocrx_word' id='word_1_4' title='bbox 161 505 195 564; x_wconf 89' lang='lat' dir='ltr'><strong>ut</strong></span> <span class='ocrx_word' id='word_1_5' title='bbox 215 483 391 571; x_wconf 72' lang='grc' dir='ltr'><strong><em>κοδοόὁώη,</em></strong></span> <span class='ocrx_word' id='word_1_6' title='bbox 414 504 472 570; x_wconf 92' lang='lat' dir='ltr'><strong>pro</strong></span> <span class='ocrx_word' id='word_1_7' title='bbox 494 482 675 565; x_wconf 72' lang='grc' dir='ltr'><strong>κόψωρος16</strong></span> <span class='ocrx_word' id='word_1_8' title='bbox 696 482 754 550; x_wconf 92' lang='lat' dir='ltr'><strong>sed</strong></span> <span class='ocrx_word' id='word_1_9' title='bbox 774 489 893 549; x_wconf 88' lang='lat' dir='ltr'><strong>mutata</strong></span> <span class='ocrx_word' id='word_1_10' title='bbox 913 483 1032 567; x_wconf 78' lang='lat' dir='ltr'><strong>vocali,</strong></span> <span class='ocrx_word' id='word_1_11' title='bbox 1051 490 1084 548; x_wconf 88' lang='lat' dir='ltr'><strong>ut</strong></span> <span class='ocrx_word' id='word_1_12' title='bbox 1103 485 1269 570; x_wconf 79' lang='grc' dir='ltr'><strong><em>κυλαορός</em></strong></span> 
     </span>
     <span class='ocr_line' id='line_1_3' title="bbox 164 578 1301 678; baseline -0.005 -22"><span class='ocrx_word' id='word_1_13' title='bbox 164 612 222 678; x_wconf 88' lang='lat' dir='ltr'><strong>pro</strong></span> <span class='ocrx_word' id='word_1_14' title='bbox 248 583 392 668; x_wconf 76' lang='grc' dir='ltr'><strong><em>πυλωρός</em></strong></span> <span class='ocrx_word' id='word_1_15' title='bbox 421 594 453 651; x_wconf 91' lang='lat' dir='ltr'><strong>et</strong></span> <span class='ocrx_word' id='word_1_16' title='bbox 471 582 603 666; x_wconf 74' lang='grc' dir='ltr'><strong><em>κριώλαξ</em></strong></span> <span class='ocrx_word' id='word_1_17' title='bbox 628 578 743 667; x_wconf 77' lang='grc' dir='ltr'><strong><em>δρόμος</em></strong></span> <span class='ocrx_word' id='word_1_18' title='bbox 763 582 836 647; x_wconf 86' lang='lat' dir='ltr'><strong>lies.</strong></span> <span class='ocrx_word' id='word_1_19' title='bbox 856 598 914 662; x_wconf 90' lang='lat' dir='ltr'><strong>pro</strong></span> <span class='ocrx_word' id='word_1_20' title='bbox 933 584 1078 663; x_wconf 76' lang='grc' dir='ltr'><strong><em>τρίαυλος</em></strong></span> <span class='ocrx_word' id='word_1_21' title='bbox 1104 592 1162 650; x_wconf 90' lang='lat' dir='ltr'><strong>eto.</strong></span> <span class='ocrx_word' id='word_1_22' title='bbox 1192 590 1269 650; x_wconf 90' lang='lat' dir='ltr'><strong>sim·</strong></span> <span class='ocrx_word' id='word_1_23' title='bbox 1298 613 1301 617; x_wconf 91' lang='lat'>·</span> 
     </span>
     <span class='ocr_line' id='line_1_4' title="bbox 168 680 1267 778; baseline -0.008 -20"><span class='ocrx_word' id='word_1_24' title='bbox 168 696 240 778; x_wconf 79' lang='lat' dir='ltr'><strong>plen</strong></span> <span class='ocrx_word' id='word_1_25' title='bbox 267 706 354 771; x_wconf 83' lang='lat' dir='ltr'><strong>vero,</strong></span> <span class='ocrx_word' id='word_1_26' title='bbox 379 693 412 749; x_wconf 92' lang='lat' dir='ltr'><strong>ut</strong></span> <span class='ocrx_word' id='word_1_27' title='bbox 439 693 549 749; x_wconf 87' lang='lat' dir='ltr'><strong>uestra</strong></span> <span class='ocrx_word' id='word_1_28' title='bbox 580 685 641 748; x_wconf 88' lang='lat' dir='ltr'><strong>tert</strong></span> <span class='ocrx_word' id='word_1_29' title='bbox 669 683 791 763; x_wconf 89' lang='lat' dir='ltr'><strong>opinio,</strong></span> <span class='ocrx_word' id='word_1_30' title='bbox 822 680 906 761; x_wconf 87' lang='lat' dir='ltr'><strong>quod</strong></span> <span class='ocrx_word' id='word_1_31' title='bbox 933 683 964 743; x_wconf 92' lang='lat' dir='ltr'><strong>in</strong></span> <span class='ocrx_word' id='word_1_32' title='bbox 991 682 1066 761; x_wconf 74' lang='lat' dir='ltr'><strong>Lyn.</strong></span> <span class='ocrx_word' id='word_1_33' title='bbox 1087 682 1157 748; x_wconf 79' lang='lat'>305.</span> <span class='ocrx_word' id='word_1_34' title='bbox 1181 685 1267 749; x_wconf 85' lang='lat' dir='ltr'><strong>codd.</strong></span> 
     </span>
     <span class='ocr_line' id='line_1_5' title="bbox 165 776 1270 868; baseline -0.014 -11"><span class='ocrx_word' id='word_1_35' title='bbox 165 790 304 857; x_wconf 83' lang='lat' dir='ltr'><strong>nonnulli</strong></span> <span class='ocrx_word' id='word_1_36' title='bbox 328 785 478 868; x_wconf 74' lang='lat' dir='ltr'><strong>praebent</strong></span> <span class='ocrx_word' id='word_1_37' title='bbox 498 779 637 863; x_wconf 75' lang='grc' dir='ltr'><strong><em>κόκκυγα</em></strong></span> <span class='ocrx_word' id='word_1_38' title='bbox 656 776 849 862; x_wconf 72' lang='grc' dir='ltr'><strong><em>κομπάζοντα</em></strong></span> <span class='ocrx_word' id='word_1_39' title='bbox 861 777 1050 861; x_wconf 84' lang='grc' dir='ltr'><strong><em>μαψαύρους</em></strong></span> <span class='ocrx_word' id='word_1_40' title='bbox 1062 779 1195 863; x_wconf 59' lang='lat' dir='ltr'><strong>modove</strong></span> <span class='ocrx_word' id='word_1_41' title='bbox 1213 785 1270 847; x_wconf 80' lang='lat' dir='ltr'><strong>boc</strong></span> 
     </span>
     <span class='ocr_line' id='line_1_6' title="bbox 166 873 1270 972; baseline -0.009 -17"><span class='ocrx_word' id='word_1_42' title='bbox 166 898 215 955; x_wconf 88' lang='lat' dir='ltr'><strong>est</strong></span> <span class='ocrx_word' id='word_1_43' title='bbox 231 886 408 972; x_wconf 71' lang='lat' dir='ltr'><strong>pooadlovp,</strong></span> <span class='ocrx_word' id='word_1_44' title='bbox 431 881 487 946; x_wconf 89' lang='lat' dir='ltr'><strong>sed</strong></span> <span class='ocrx_word' id='word_1_45' title='bbox 500 882 593 960; x_wconf 81' lang='lat' dir='ltr'><strong>vulgo</strong></span> <span class='ocrx_word' id='word_1_46' title='bbox 615 881 726 960; x_wconf 75' lang='lat' dir='ltr'><strong>legitur</strong></span> <span class='ocrx_word' id='word_1_47' title='bbox 746 873 915 959; x_wconf 77' lang='grc' dir='ltr'><strong><em>μαψαύρας</em></strong></span> <span class='ocrx_word' id='word_1_48' title='bbox 935 881 1024 959; x_wconf 85' lang='lat' dir='ltr'><strong>quasi</strong></span> <span class='ocrx_word' id='word_1_49' title='bbox 1046 880 1270 946; x_wconf 82' lang='lat' dir='ltr'><strong>substantivum</strong></span> 
     </span>
     <span class='ocr_line' id='line_1_7' title="bbox 168 976 1270 1064; baseline -0.009 -10"><span class='ocrx_word' id='word_1_50' title='bbox 168 987 364 1055; x_wconf 87' lang='lat' dir='ltr'><strong>substantivo</strong></span> <span class='ocrx_word' id='word_1_51' title='bbox 393 982 585 1062; x_wconf 88' lang='lat' dir='ltr'><strong>appositum;</strong></span> <span class='ocrx_word' id='word_1_52' title='bbox 622 976 825 1059; x_wconf 83' lang='lat' dir='ltr'><strong>quodquam</strong></span> <span class='ocrx_word' id='word_1_53' title='bbox 853 993 960 1057; x_wconf 87' lang='lat' dir='ltr'><strong>parum</strong></span> <span class='ocrx_word' id='word_1_54' title='bbox 988 979 1142 1064; x_wconf 76' lang='lat' dir='ltr'>placeret,</span> <span class='ocrx_word' id='word_1_55' title='bbox 1171 981 1270 1046; x_wconf 87' lang='lat' dir='ltr'><strong>Critici</strong></span> 
     </span>
     <span class='ocr_line' id='line_1_8' title="bbox 169 1074 1271 1161; baseline -0.007 -9"><span class='ocrx_word' id='word_1_56' title='bbox 169 1088 394 1153; x_wconf 78' lang='lat' dir='ltr'><strong>substituerunt</strong></span> <span class='ocrx_word' id='word_1_57' title='bbox 419 1074 599 1161; x_wconf 81' lang='grc' dir='ltr'><strong><em>μαψαύραις</em></strong></span> <span class='ocrx_word' id='word_1_58' title='bbox 625 1076 741 1139; x_wconf 78' lang='lat' dir='ltr'><strong>uellate</strong></span> <span class='ocrx_word' id='word_1_59' title='bbox 770 1075 947 1139; x_wconf 80' lang='lat' dir='ltr'><strong>Callimachi</strong></span> <span class='ocrx_word' id='word_1_60' title='bbox 972 1077 1068 1140; x_wconf 80' lang='lat' dir='ltr'><strong>uerbo</strong></span> <span class='ocrx_word' id='word_1_61' title='bbox 1095 1074 1191 1161; x_wconf 74' lang='grc' dir='ltr'><strong><em>ἄλγεα</em></strong></span> <span class='ocrx_word' id='word_1_62' title='bbox 1210 1104 1271 1144; x_wconf 82' lang='grc' dir='ltr'><strong>κω-</strong></span> 
     </span>
     <span class='ocr_line' id='line_1_9' title="bbox 170 1172 1272 1268; baseline -0.002 -24"><span class='ocrx_word' id='word_1_63' title='bbox 170 1190 246 1268; x_wconf 79' lang='grc' dir='ltr'><strong><em>φαῑς</em></strong></span> <span class='ocrx_word' id='word_1_64' title='bbox 265 1175 444 1264; x_wconf 81' lang='grc' dir='ltr'><strong><em>μαψαύραις</em></strong></span> <span class='ocrx_word' id='word_1_65' title='bbox 464 1172 597 1258; x_wconf 76' lang='grc' dir='ltr'><strong><em>ἐξερέεια,</em></strong></span> <span class='ocrx_word' id='word_1_66' title='bbox 620 1175 672 1255; x_wconf 85' lang='lat' dir='ltr'><strong>qui</strong></span> <span class='ocrx_word' id='word_1_67' title='bbox 693 1176 740 1239; x_wconf 83' lang='lat' dir='ltr'><strong>sie</strong></span> <span class='ocrx_word' id='word_1_68' title='bbox 761 1173 844 1254; x_wconf 90' lang='lat' dir='ltr'><strong>apud</strong></span> <span class='ocrx_word' id='word_1_69' title='bbox 860 1173 1027 1238; x_wconf 85' lang='lat' dir='ltr'><strong>Hesiodum</strong></span> <span class='ocrx_word' id='word_1_70' title='bbox 1049 1176 1166 1256; x_wconf 84' lang='lat' dir='ltr'><strong>legisse</strong></span> <span class='ocrx_word' id='word_1_71' title='bbox 1187 1179 1272 1242; x_wconf 82' lang='lat' dir='ltr'><strong>uide-</strong></span> 
     </span>
     <span class='ocr_line' id='line_1_10' title="bbox 171 1273 1304 1364; baseline 0 -24"><span class='ocrx_word' id='word_1_72' title='bbox 171 1293 220 1350; x_wconf 76' lang='lat' dir='ltr'><strong>tur</strong></span> <span class='ocrx_word' id='word_1_73' title='bbox 241 1282 405 1364; x_wconf 77' lang='grc' dir='ltr'><strong><em>μαψαῦραι</em></strong></span> <span class='ocrx_word' id='word_1_74' title='bbox 433 1283 577 1355; x_wconf 87' lang='lat' dir='ltr'><strong>tauquam</strong></span> <span class='ocrx_word' id='word_1_75' title='bbox 606 1273 832 1336; x_wconf 88' lang='lat' dir='ltr'><strong>substantivum</strong></span> <span class='ocrx_word' id='word_1_76' title='bbox 854 1290 892 1337; x_wconf 88' lang='lat' dir='ltr'><strong>ax</strong></span> <span class='ocrx_word' id='word_1_77' title='bbox 914 1273 1067 1352; x_wconf 82' lang='lat' dir='ltr'><strong>edjeodm</strong></span> <span class='ocrx_word' id='word_1_78' title='bbox 1092 1291 1272 1340; x_wconf 84' lang='lat' dir='ltr'><strong>conversum</strong></span> <span class='ocrx_word' id='word_1_79' title='bbox 1303 1325 1304 1329; x_wconf 63' lang='lat'>,</span> 
     </span>
     <span class='ocr_line' id='line_1_11' title="bbox 171 1361 1273 1463; baseline -0.02 -16"><span class='ocrx_word' id='word_1_80' title='bbox 171 1390 205 1447; x_wconf 89' lang='lat' dir='ltr'><strong>ut</strong></span> <span class='ocrx_word' id='word_1_81' title='bbox 224 1382 382 1463; x_wconf 76' lang='grc' dir='ltr'><strong><em>χαμεῦναι</em></strong></span> <span class='ocrx_word' id='word_1_82' title='bbox 420 1374 557 1454; x_wconf 84' lang='lat' dir='ltr'><strong>Simplex</strong></span> <span class='ocrx_word' id='word_1_83' title='bbox 576 1371 650 1436; x_wconf 91' lang='lat' dir='ltr'><strong>item</strong></span> <span class='ocrx_word' id='word_1_84' title='bbox 670 1373 834 1452; x_wconf 76' lang='grc' dir='ltr'><strong><em>καλαῦροψ</em></strong></span> <span class='ocrx_word' id='word_1_85' title='bbox 855 1368 949 1448; x_wconf 72' lang='grc' dir='ltr'><strong><em>ξύλον</em></strong></span> <span class='ocrx_word' id='word_1_86' title='bbox 968 1361 995 1458; x_wconf 72' lang='grc' dir='ltr'><strong><em>ᾦ</em></strong></span> <span class='ocrx_word' id='word_1_87' title='bbox 1015 1368 1089 1448; x_wconf 73' lang='grc' dir='ltr'><strong><em>τοὺς</em></strong></span> <span class='ocrx_word' id='word_1_88' title='bbox 1108 1372 1188 1456; x_wconf 66' lang='grc' dir='ltr'><strong><em>βόας</em></strong></span> <span class='ocrx_word' id='word_1_89' title='bbox 1207 1372 1273 1457; x_wconf 60' lang='grc' dir='ltr'><strong>μάλ.</strong></span> 
     </span>
     <span class='ocr_line' id='line_1_12' title="bbox 171 1467 1274 1557; baseline -0.018 -14"><span class='ocrx_word' id='word_1_90' title='bbox 171 1485 289 1557; x_wconf 75' lang='grc' dir='ltr'><strong><em>λοοοιο,</em></strong></span> <span class='ocrx_word' id='word_1_91' title='bbox 311 1494 330 1540; x_wconf 94' lang='lat' dir='ltr'><strong>a</strong></span> <span class='ocrx_word' id='word_1_92' title='bbox 350 1476 447 1538; x_wconf 67' lang='lat' dir='ltr'><strong>edm</strong></span> <span class='ocrx_word' id='word_1_93' title='bbox 467 1470 547 1551; x_wconf 85' lang='lat' dir='ltr'><strong>eale,</strong></span> <span class='ocrx_word' id='word_1_94' title='bbox 567 1477 600 1531; x_wconf 92' lang='lat' dir='ltr'><strong>nt</strong></span> <span class='ocrx_word' id='word_1_95' title='bbox 619 1471 773 1551; x_wconf 89' lang='lat' dir='ltr'><strong>suspieor,</strong></span> <span class='ocrx_word' id='word_1_96' title='bbox 794 1478 825 1533; x_wconf 88' lang='lat' dir='ltr'><strong>et</strong></span> <span class='ocrx_word' id='word_1_97' title='bbox 845 1467 1050 1554; x_wconf 77' lang='grc' dir='ltr'><strong><em>Καλαυρόφις</em></strong></span> <span class='ocrx_word' id='word_1_98' title='bbox 1070 1473 1146 1555; x_wconf 77' lang='lat' dir='ltr'><strong>(sic)</strong></span> <span class='ocrx_word' id='word_1_99' title='bbox 1167 1475 1274 1556; x_wconf 67' lang='lat' dir='ltr'><strong>daero-</strong></span> 
     </span>
     <span class='ocr_line' id='line_1_13' title="bbox 173 1564 1276 1661; baseline -0.006 -19"><span class='ocrx_word' id='word_1_100' title='bbox 173 1581 234 1661; x_wconf 62' lang='grc' dir='ltr'><strong><em>ρέα.</em></strong></span> <span class='ocrx_word' id='word_1_101' title='bbox 267 1576 331 1644; x_wconf 88' lang='lat' dir='ltr'><strong>Sed</strong></span> <span class='ocrx_word' id='word_1_102' title='bbox 346 1564 571 1651; x_wconf 76' lang='grc' dir='ltr'><strong><em>Ἀκαλαυρόκις</em></strong></span> <span class='ocrx_word' id='word_1_103' title='bbox 590 1567 791 1649; x_wconf 69' lang='grc' dir='ltr'><strong><em>καϋλραβδος</em></strong></span> <span class='ocrx_word' id='word_1_104' title='bbox 810 1568 991 1634; x_wconf 89' lang='lat' dir='ltr'><strong>mendosum</strong></span> <span class='ocrx_word' id='word_1_105' title='bbox 1012 1577 1062 1635; x_wconf 89' lang='lat' dir='ltr'><strong>est</strong></span> <span class='ocrx_word' id='word_1_106' title='bbox 1083 1588 1140 1652; x_wconf 94' lang='lat' dir='ltr'><strong>pro</strong></span> <span class='ocrx_word' id='word_1_107' title='bbox 1162 1571 1276 1652; x_wconf 69' lang='lat' dir='ltr'><strong>ualid-</strong></span> 
     </span>
     <span class='ocr_line' id='line_1_14' title="bbox 173 1677 273 1759; baseline -0.01 -19"><span class='ocrx_word' id='word_1_108' title='bbox 173 1677 273 1759; x_wconf 71' lang='grc' dir='ltr'><strong><em>ὁαψις.</em></strong></span> 
     </span>
    </p>
   </div>
   <div class='ocr_carea' id='block_1_3' title="bbox 177 1798 1284 3382">
    <p class='ocr_par' dir='ltr' id='par_1_3' title="bbox 177 1798 1284 3382">
     <span class='ocr_line' id='line_1_15' title="bbox 258 1798 1277 1898; baseline 0.001 -15"><span class='ocrx_word' id='word_1_109' title='bbox 258 1828 287 1896; x_wconf 89' lang='lat'><strong>§.</strong></span> <span class='ocrx_word' id='word_1_110' title='bbox 309 1819 337 1883; x_wconf 89' lang='grc'><strong>3.</strong></span> <span class='ocrx_word' id='word_1_111' title='bbox 379 1817 413 1881; x_wconf 89' lang='lat' dir='ltr'><strong>lu</strong></span> <span class='ocrx_word' id='word_1_112' title='bbox 440 1798 518 1896; x_wconf 51' lang='grc' dir='ltr'><strong>ᾖς’</strong></span> <span class='ocrx_word' id='word_1_113' title='bbox 536 1829 616 1894; x_wconf 85' lang='lat' dir='ltr'><strong>quae</strong></span> <span class='ocrx_word' id='word_1_114' title='bbox 643 1813 843 1878; x_wconf 88' lang='lat' dir='ltr'><strong>terminantur</strong></span> <span class='ocrx_word' id='word_1_115' title='bbox 864 1815 1011 1898; x_wconf 85' lang='lat' dir='ltr'><strong>pleraque</strong></span> <span class='ocrx_word' id='word_1_116' title='bbox 1032 1816 1187 1898; x_wconf 82' lang='lat' dir='ltr'><strong>adjectiva</strong></span> <span class='ocrx_word' id='word_1_117' title='bbox 1208 1830 1277 1886; x_wconf 87' lang='lat' dir='ltr'><strong>suut</strong></span> 
     </span>
     <span class='ocr_line' id='line_1_16' title="bbox 177 1910 1277 2001; baseline -0.003 -17"><span class='ocrx_word' id='word_1_118' title='bbox 177 1938 196 1985; x_wconf 91' lang='lat' dir='ltr'><strong>a</strong></span> <span class='ocrx_word' id='word_1_119' title='bbox 217 1918 392 1983; x_wconf 91' lang='lat' dir='ltr'><strong>nominibus</strong></span> <span class='ocrx_word' id='word_1_120' title='bbox 414 1916 523 1996; x_wconf 87' lang='lat' dir='ltr'><strong>partim</strong></span> <span class='ocrx_word' id='word_1_121' title='bbox 552 1915 668 1995; x_wconf 85' lang='lat' dir='ltr'><strong>primae</strong></span> <span class='ocrx_word' id='word_1_122' title='bbox 690 1910 904 1975; x_wconf 83' lang='lat' dir='ltr'><strong>declinationis</strong></span> <span class='ocrx_word' id='word_1_123' title='bbox 926 1910 987 1996; x_wconf 77' lang='grc' dir='ltr'><strong>ὄύη</strong></span> <span class='ocrx_word' id='word_1_124' title='bbox 1008 1914 1134 1997; x_wconf 62' lang='lat' dir='ltr'><strong>demde,</strong></span> <span class='ocrx_word' id='word_1_125' title='bbox 1162 1916 1277 2001; x_wconf 66' lang='grc' dir='ltr'><strong><em>κλαγγή</em></strong></span> 
     </span>
     <span class='ocr_line' id='line_1_17' title="bbox 177 2006 1278 2101; baseline 0.004 -25"><span class='ocrx_word' id='word_1_126' title='bbox 177 2011 331 2097; x_wconf 79' lang='grc' dir='ltr'><strong><em>κλαμερός,</em></strong></span> <span class='ocrx_word' id='word_1_127' title='bbox 353 2010 457 2096; x_wconf 83' lang='grc' dir='ltr'><strong><em>τρυφή</em></strong></span> <span class='ocrx_word' id='word_1_128' title='bbox 464 2006 625 2093; x_wconf 80' lang='grc' dir='ltr'><strong><em>τρυφερός,</em></strong></span> <span class='ocrx_word' id='word_1_129' title='bbox 648 2012 758 2092; x_wconf 83' lang='lat' dir='ltr'><strong>partim</strong></span> <span class='ocrx_word' id='word_1_130' title='bbox 773 2011 1093 2094; x_wconf 70' lang='lat' dir='ltr'><strong>secundaedpooepo&#39;g,</strong></span> <span class='ocrx_word' id='word_1_131' title='bbox 1116 2015 1278 2101; x_wconf 74' lang='grc' dir='ltr'><strong><em>ὃνοφερός,</em></strong></span> 
     </span>
     <span class='ocr_line' id='line_1_18' title="bbox 179 2104 1279 2197; baseline 0.005 -22"><span class='ocrx_word' id='word_1_132' title='bbox 179 2109 314 2197; x_wconf 78' lang='grc' dir='ltr'><strong><em>ζοφιρὸς,</em></strong></span> <span class='ocrx_word' id='word_1_133' title='bbox 336 2106 475 2193; x_wconf 80' lang='grc' dir='ltr'><strong><em>θολερός,</em></strong></span> <span class='ocrx_word' id='word_1_134' title='bbox 498 2104 616 2191; x_wconf 76' lang='grc' dir='ltr'><strong><em>ιιοιρός,</em></strong></span> <span class='ocrx_word' id='word_1_135' title='bbox 638 2104 783 2187; x_wconf 83' lang='grc' dir='ltr'><strong><em>σκοτερός</em></strong></span> <span class='ocrx_word' id='word_1_136' title='bbox 802 2111 898 2174; x_wconf 87' lang='lat' dir='ltr'><strong>semel</strong></span> <span class='ocrx_word' id='word_1_137' title='bbox 919 2112 1032 2177; x_wconf 85' lang='lat' dir='ltr'><strong>laetum</strong></span> <span class='ocrx_word' id='word_1_138' title='bbox 1053 2112 1186 2197; x_wconf 89' lang='lat' dir='ltr'><strong>ideoque</strong></span> <span class='ocrx_word' id='word_1_139' title='bbox 1207 2136 1279 2182; x_wconf 89' lang='lat' dir='ltr'><strong>sus-</strong></span> 
     </span>
     <span class='ocr_line' id='line_1_19' title="bbox 179 2203 1279 2296; baseline 0.002 -19"><span class='ocrx_word' id='word_1_140' title='bbox 179 2221 312 2296; x_wconf 85' lang='lat' dir='ltr'><strong>pectum,</strong></span> <span class='ocrx_word' id='word_1_141' title='bbox 333 2204 494 2292; x_wconf 81' lang='grc' dir='ltr'><strong><em>ιρομιρός,</em></strong></span> <span class='ocrx_word' id='word_1_142' title='bbox 515 2203 674 2290; x_wconf 82' lang='grc' dir='ltr'><strong><em>τροχερός,</em></strong></span> <span class='ocrx_word' id='word_1_143' title='bbox 695 2204 837 2290; x_wconf 81' lang='grc' dir='ltr'><strong><em>φοβερός,</em></strong></span> <span class='ocrx_word' id='word_1_144' title='bbox 859 2207 1000 2291; x_wconf 78' lang='grc' dir='ltr'><strong><em>ψομιρός,</em></strong></span> <span class='ocrx_word' id='word_1_145' title='bbox 1022 2229 1153 2293; x_wconf 87' lang='lat' dir='ltr'><strong>quorum</strong></span> <span class='ocrx_word' id='word_1_146' title='bbox 1175 2217 1279 2296; x_wconf 89' lang='lat' dir='ltr'><strong>primi-</strong></span> 
     </span>
     <span class='ocr_line' id='line_1_20' title="bbox 181 2307 1280 2391; baseline 0.003 -15"><span class='ocrx_word' id='word_1_147' title='bbox 181 2314 243 2377; x_wconf 88' lang='lat' dir='ltr'><strong>tiva</strong></span> <span class='ocrx_word' id='word_1_148' title='bbox 266 2317 284 2373; x_wconf 85' lang='grc' dir='ltr'>ὀ</span> <span class='ocrx_word' id='word_1_149' title='bbox 304 2312 335 2372; x_wconf 94' lang='lat' dir='ltr'><strong>in</strong></span> <span class='ocrx_word' id='word_1_150' title='bbox 357 2308 523 2391; x_wconf 89' lang='lat' dir='ltr'><strong>penultima</strong></span> <span class='ocrx_word' id='word_1_151' title='bbox 545 2307 667 2387; x_wconf 86' lang='lat' dir='ltr'><strong>babent,</strong></span> <span class='ocrx_word' id='word_1_152' title='bbox 688 2323 750 2369; x_wconf 91' lang='lat' dir='ltr'><strong>nou</strong></span> <span class='ocrx_word' id='word_1_153' title='bbox 771 2308 814 2369; x_wconf 88' lang='lat' dir='ltr'><strong>ita</strong></span> <span class='ocrx_word' id='word_1_154' title='bbox 835 2308 929 2371; x_wconf 90' lang='lat' dir='ltr'><strong>multa</strong></span> <span class='ocrx_word' id='word_1_155' title='bbox 950 2327 969 2373; x_wconf 91' lang='lat' dir='ltr'><strong>a</strong></span> <span class='ocrx_word' id='word_1_156' title='bbox 991 2311 1196 2379; x_wconf 79' lang='lat' dir='ltr'><strong>substantivis</strong></span> <span class='ocrx_word' id='word_1_157' title='bbox 1219 2323 1280 2379; x_wconf 87' lang='lat' dir='ltr'><strong>ter-</strong></span> 
     </span>
     <span class='ocr_line' id='line_1_21' title="bbox 182 2397 1279 2491; baseline 0.002 -16"><span class='ocrx_word' id='word_1_158' title='bbox 182 2414 243 2476; x_wconf 79' lang='grc' dir='ltr'><strong><em>ιιοι</em></strong></span> <span class='ocrx_word' id='word_1_159' title='bbox 265 2402 326 2471; x_wconf 67' lang='lat' dir='ltr'><strong>eae</strong></span> <span class='ocrx_word' id='word_1_160' title='bbox 352 2408 410 2470; x_wconf 64' lang='grc' dir='ltr'><strong>τοῦ</strong></span> <span class='ocrx_word' id='word_1_161' title='bbox 430 2401 543 2487; x_wconf 73' lang='grc' dir='ltr'><strong><em>κράτος</em></strong></span> <span class='ocrx_word' id='word_1_162' title='bbox 570 2398 716 2485; x_wconf 77' lang='grc' dir='ltr'><strong><em>κρατερός</em></strong></span> <span class='ocrx_word' id='word_1_163' title='bbox 741 2397 783 2478; x_wconf 76' lang='grc' dir='ltr'><strong>ὡς</strong></span> <span class='ocrx_word' id='word_1_164' title='bbox 809 2402 922 2489; x_wconf 70' lang='grc' dir='ltr'><strong><em>βλάβος</em></strong></span> <span class='ocrx_word' id='word_1_165' title='bbox 949 2406 1096 2491; x_wconf 62' lang='lat' dir='ltr'><strong>emesan</strong></span> <span class='ocrx_word' id='word_1_166' title='bbox 1125 2414 1231 2478; x_wconf 71' lang='lat' dir='ltr'><strong>scuni.</strong></span> <span class='ocrx_word' id='word_1_167' title='bbox 1251 2415 1279 2477; x_wconf 93' lang='lat' dir='ltr'><strong>u.</strong></span> 
     </span>
     <span class='ocr_line' id='line_1_22' title="bbox 181 2500 1280 2590; baseline 0.005 -19"><span class='ocrx_word' id='word_1_168' title='bbox 181 2508 203 2571; x_wconf 90' lang='lat' dir='ltr'><strong>l.</strong></span> <span class='ocrx_word' id='word_1_169' title='bbox 227 2506 296 2570; x_wconf 79' lang='lat'><strong>228.</strong></span> <span class='ocrx_word' id='word_1_170' title='bbox 316 2501 471 2587; x_wconf 78' lang='grc' dir='ltr'><strong><em>μλαμερός,</em></strong></span> <span class='ocrx_word' id='word_1_171' title='bbox 493 2500 629 2586; x_wconf 81' lang='grc' dir='ltr'><strong><em>κρυιρὸς,</em></strong></span> <span class='ocrx_word' id='word_1_172' title='bbox 652 2500 795 2586; x_wconf 77' lang='grc' dir='ltr'><strong><em>στυγερός</em></strong></span> <span class='ocrx_word' id='word_1_173' title='bbox 817 2513 847 2569; x_wconf 83' lang='lat' dir='ltr'><strong>ei</strong></span> <span class='ocrx_word' id='word_1_174' title='bbox 868 2524 886 2568; x_wconf 86' lang='lat' dir='ltr'><strong>a</strong></span> <span class='ocrx_word' id='word_1_175' title='bbox 906 2507 1033 2587; x_wconf 75' lang='grc' dir='ltr'><strong><em>γλεῦκος</em></strong></span> <span class='ocrx_word' id='word_1_176' title='bbox 1046 2506 1195 2590; x_wconf 77' lang='grc' dir='ltr'><strong><em>γλυκερός</em></strong></span> <span class='ocrx_word' id='word_1_177' title='bbox 1210 2530 1280 2576; x_wconf 84' lang='lat' dir='ltr'><strong>ool-</strong></span> 
     </span>
     <span class='ocr_line' id='line_1_23' title="bbox 184 2601 1280 2686; baseline 0.008 -22"><span class='ocrx_word' id='word_1_178' title='bbox 184 2611 272 2682; x_wconf 90' lang='lat' dir='ltr'><strong>repta</strong></span> <span class='ocrx_word' id='word_1_179' title='bbox 294 2601 482 2682; x_wconf 75' lang='lat' dir='ltr'><strong>diphthongo</strong></span> <span class='ocrx_word' id='word_1_180' title='bbox 504 2619 594 2684; x_wconf 89' lang='lat' dir='ltr'><strong>quam</strong></span> <span class='ocrx_word' id='word_1_181' title='bbox 611 2609 714 2664; x_wconf 82' lang='lat' dir='ltr'><strong>servat</strong></span> <span class='ocrx_word' id='word_1_182' title='bbox 727 2605 868 2685; x_wconf 77' lang='grc' dir='ltr'><strong><em>χιίμιρος.</em></strong></span> <span class='ocrx_word' id='word_1_183' title='bbox 896 2607 1161 2686; x_wconf 72' lang='lat' dir='ltr'><strong>Amonospllobis</strong></span> <span class='ocrx_word' id='word_1_184' title='bbox 1174 2607 1280 2674; x_wconf 79' lang='grc' dir='ltr'><strong><em>νύκτε-</em></strong></span> 
     </span>
     <span class='ocr_line' id='line_1_24' title="bbox 184 2695 1281 2785; baseline 0.012 -26"><span class='ocrx_word' id='word_1_185' title='bbox 184 2697 248 2782; x_wconf 82' lang='grc' dir='ltr'><strong><em>ρός,</em></strong></span> <span class='ocrx_word' id='word_1_186' title='bbox 260 2695 414 2780; x_wconf 75' lang='grc' dir='ltr'><strong><em>κρυγερὸς,</em></strong></span> <span class='ocrx_word' id='word_1_187' title='bbox 429 2696 585 2782; x_wconf 74' lang='grc' dir='ltr'><strong><em>φλογερός.</em></strong></span> <span class='ocrx_word' id='word_1_188' title='bbox 607 2700 778 2764; x_wconf 82' lang='lat' dir='ltr'><strong>Verbalium</strong></span> <span class='ocrx_word' id='word_1_189' title='bbox 791 2719 881 2764; x_wconf 91' lang='lat' dir='ltr'><strong>unum</strong></span> <span class='ocrx_word' id='word_1_190' title='bbox 897 2704 998 2785; x_wconf 79' lang='grc' dir='ltr'><strong><em>ἵμερος</em></strong></span> <span class='ocrx_word' id='word_1_191' title='bbox 1013 2706 1209 2772; x_wconf 81' lang='lat' dir='ltr'><strong>substantive</strong></span> <span class='ocrx_word' id='word_1_192' title='bbox 1225 2711 1281 2772; x_wconf 91' lang='lat' dir='ltr'><strong>bo-</strong></span> 
     </span>
     <span class='ocr_line' id='line_1_25' title="bbox 188 2799 1281 2884; baseline 0.005 -22"><span class='ocrx_word' id='word_1_193' title='bbox 188 2807 346 2863; x_wconf 83' lang='lat' dir='ltr'><strong>melonum</strong></span> <span class='ocrx_word' id='word_1_194' title='bbox 360 2817 377 2861; x_wconf 89' lang='lat' dir='ltr'><strong>a</strong></span> <span class='ocrx_word' id='word_1_195' title='bbox 393 2800 489 2863; x_wconf 83' lang='lat' dir='ltr'><strong>verbo</strong></span> <span class='ocrx_word' id='word_1_196' title='bbox 513 2799 653 2863; x_wconf 92' lang='lat' dir='ltr'><strong>omuibus</strong></span> <span class='ocrx_word' id='word_1_197' title='bbox 675 2800 741 2862; x_wconf 91' lang='lat' dir='ltr'><strong>suis</strong></span> <span class='ocrx_word' id='word_1_198' title='bbox 755 2801 894 2880; x_wconf 89' lang='lat' dir='ltr'><strong>partibus</strong></span> <span class='ocrx_word' id='word_1_199' title='bbox 916 2803 1040 2883; x_wconf 81' lang='lat' dir='ltr'><strong>expleto</strong></span> <span class='ocrx_word' id='word_1_200' title='bbox 1061 2813 1161 2869; x_wconf 90' lang='lat' dir='ltr'><strong>ortum</strong></span> <span class='ocrx_word' id='word_1_201' title='bbox 1183 2807 1281 2884; x_wconf 84' lang='lat' dir='ltr'><strong>babet,</strong></span> 
     </span>
     <span class='ocr_line' id='line_1_26' title="bbox 187 2898 1281 2986; baseline 0.003 -22"><span class='ocrx_word' id='word_1_202' title='bbox 187 2908 317 2964; x_wconf 87' lang='lat' dir='ltr'><strong>oeteraa</strong></span> <span class='ocrx_word' id='word_1_203' title='bbox 330 2899 553 2979; x_wconf 79' lang='lat' dir='ltr'><strong>semiperfectis</strong></span> <span class='ocrx_word' id='word_1_204' title='bbox 568 2898 781 2961; x_wconf 86' lang='lat' dir='ltr'><strong>terminatione</strong></span> <span class='ocrx_word' id='word_1_205' title='bbox 804 2901 944 2964; x_wconf 87' lang='lat' dir='ltr'><strong>albotieia</strong></span> <span class='ocrx_word' id='word_1_206' title='bbox 961 2899 1102 2982; x_wconf 79' lang='grc' dir='ltr'><strong><em>θολερός,</em></strong></span> <span class='ocrx_word' id='word_1_207' title='bbox 1122 2899 1281 2986; x_wconf 73' lang='grc' dir='ltr'><strong><em>σφαλερός,</em></strong></span> 
     </span>
     <span class='ocr_line' id='line_1_27' title="bbox 186 2990 1281 3083; baseline 0.004 -23"><span class='ocrx_word' id='word_1_208' title='bbox 186 3033 227 3044; x_wconf 92' lang='grc'>-</span> <span class='ocrx_word' id='word_1_209' title='bbox 240 2992 376 3079; x_wconf 82' lang='grc' dir='ltr'><strong><em>λακερός,</em></strong></span> <span class='ocrx_word' id='word_1_210' title='bbox 397 2991 538 3079; x_wconf 68' lang='lat' dir='ltr'><strong>moyseos,</strong></span> <span class='ocrx_word' id='word_1_211' title='bbox 557 2990 692 3077; x_wconf 81' lang='grc' dir='ltr'><strong><em>τακερός,</em></strong></span> <span class='ocrx_word' id='word_1_212' title='bbox 705 2992 865 3080; x_wconf 79' lang='grc' dir='ltr'><strong><em>τραφιρός,</em></strong></span> <span class='ocrx_word' id='word_1_213' title='bbox 885 2997 1028 3080; x_wconf 83' lang='grc' dir='ltr'><strong><em>φανερός,</em></strong></span> <span class='ocrx_word' id='word_1_214' title='bbox 1050 3001 1161 3083; x_wconf 87' lang='lat' dir='ltr'><strong>quibus</strong></span> <span class='ocrx_word' id='word_1_215' title='bbox 1180 3003 1281 3067; x_wconf 79' lang='lat' dir='ltr'><strong>Sobel.</strong></span> 
     </span>
     <span class='ocr_line' id='line_1_28' title="bbox 187 3088 1281 3184; baseline 0.007 -26"><span class='ocrx_word' id='word_1_216' title='bbox 187 3094 304 3158; x_wconf 87' lang='lat' dir='ltr'><strong>Odlll.</strong></span> <span class='ocrx_word' id='word_1_217' title='bbox 324 3094 391 3157; x_wconf 84' lang='lat'>195.</span> <span class='ocrx_word' id='word_1_218' title='bbox 415 3095 497 3156; x_wconf 89' lang='lat' dir='ltr'><strong>addit</strong></span> <span class='ocrx_word' id='word_1_219' title='bbox 520 3088 676 3176; x_wconf 80' lang='grc' dir='ltr'><strong><em>σμυγερός,</em></strong></span> <span class='ocrx_word' id='word_1_220' title='bbox 705 3096 787 3174; x_wconf 88' lang='lat' dir='ltr'><strong>quod</strong></span> <span class='ocrx_word' id='word_1_221' title='bbox 808 3096 945 3178; x_wconf 86' lang='lat' dir='ltr'><strong>plerique</strong></span> <span class='ocrx_word' id='word_1_222' title='bbox 969 3117 1026 3179; x_wconf 94' lang='lat' dir='ltr'><strong>pro</strong></span> <span class='ocrx_word' id='word_1_223' title='bbox 1046 3096 1177 3184; x_wconf 81' lang='grc' dir='ltr'><strong><em>μομερός</em></strong></span> <span class='ocrx_word' id='word_1_224' title='bbox 1198 3104 1281 3166; x_wconf 85' lang='lat' dir='ltr'><strong>aoei-</strong></span> 
     </span>
     <span class='ocr_line' id='line_1_29' title="bbox 187 3186 1284 3283; baseline 0.014 -33"><span class='ocrx_word' id='word_1_225' title='bbox 187 3192 290 3271; x_wconf 89' lang='lat' dir='ltr'><strong>piunt,</strong></span> <span class='ocrx_word' id='word_1_226' title='bbox 318 3189 367 3251; x_wconf 89' lang='lat' dir='ltr'><strong>bie</strong></span> <span class='ocrx_word' id='word_1_227' title='bbox 393 3208 467 3253; x_wconf 81' lang='lat' dir='ltr'><strong>vero</strong></span> <span class='ocrx_word' id='word_1_228' title='bbox 491 3208 509 3253; x_wconf 89' lang='lat' dir='ltr'><strong>a</strong></span> <span class='ocrx_word' id='word_1_229' title='bbox 530 3186 636 3272; x_wconf 85' lang='grc' dir='ltr'><strong><em>σμύχω</em></strong></span> <span class='ocrx_word' id='word_1_230' title='bbox 658 3195 768 3272; x_wconf 87' lang='lat' dir='ltr'><strong>repetit</strong></span> <span class='ocrx_word' id='word_1_231' title='bbox 790 3203 951 3279; x_wconf 85' lang='lat' dir='ltr'><strong>correpta,</strong></span> <span class='ocrx_word' id='word_1_232' title='bbox 973 3198 1017 3260; x_wconf 88' lang='lat' dir='ltr'><strong>uti</strong></span> <span class='ocrx_word' id='word_1_233' title='bbox 1038 3199 1168 3283; x_wconf 84' lang='lat' dir='ltr'><strong>assolet,</strong></span> <span class='ocrx_word' id='word_1_234' title='bbox 1189 3202 1284 3283; x_wconf 89' lang='lat' dir='ltr'><strong>prima</strong></span> 
     </span>
     <span class='ocr_line' id='line_1_30' title="bbox 187 3285 1284 3382; baseline 0.014 -34"><span class='ocrx_word' id='word_1_235' title='bbox 187 3285 319 3368; x_wconf 89' lang='lat' dir='ltr'><strong>ideoque</strong></span> <span class='ocrx_word' id='word_1_236' title='bbox 349 3294 440 3350; x_wconf 84' lang='lat' dir='ltr'><strong>acuta</strong></span> <span class='ocrx_word' id='word_1_237' title='bbox 467 3288 571 3351; x_wconf 89' lang='lat' dir='ltr'><strong>ultima</strong></span> <span class='ocrx_word' id='word_1_238' title='bbox 600 3288 766 3354; x_wconf 86' lang='lat' dir='ltr'><strong>secuudum</strong></span> <span class='ocrx_word' id='word_1_239' title='bbox 792 3293 928 3372; x_wconf 82' lang='lat' dir='ltr'><strong>regulam</strong></span> <span class='ocrx_word' id='word_1_240' title='bbox 948 3297 1019 3359; x_wconf 80' lang='lat' dir='ltr'><strong>dre.</strong></span> <span class='ocrx_word' id='word_1_241' title='bbox 1041 3315 1070 3377; x_wconf 92' lang='lat' dir='ltr'><strong>p.</strong></span> <span class='ocrx_word' id='word_1_242' title='bbox 1090 3299 1139 3363; x_wconf 75' lang='lat'><strong>71.</strong></span> <span class='ocrx_word' id='word_1_243' title='bbox 1161 3294 1200 3361; x_wconf 79' lang='grc' dir='ltr'><strong>τὰ</strong></span> <span class='ocrx_word' id='word_1_244' title='bbox 1220 3322 1284 3382; x_wconf 76' lang='grc' dir='ltr'><strong><em>κρι-</em></strong></span> 
     </span>
    </p>
   </div>
   <div class='ocr_carea' id='block_1_4' title="bbox 185 3378 1284 3576">
    <p class='ocr_par' dir='ltr' id='par_1_4' title="bbox 185 3378 1284 3576">
     <span class='ocr_line' id='line_1_31' title="bbox 185 3378 1284 3477; baseline 0.015 -31"><span class='ocrx_word' id='word_1_245' title='bbox 185 3380 298 3467; x_wconf 77' lang='grc' dir='ltr'><strong><em>βράχεα</em></strong></span> <span class='ocrx_word' id='word_1_246' title='bbox 317 3378 458 3462; x_wconf 76' lang='grc' dir='ltr'><strong><em>ὀξύνεται</em></strong></span> <span class='ocrx_word' id='word_1_247' title='bbox 479 3385 505 3449; x_wconf 77' lang='grc' dir='ltr'><strong>εἰ</strong></span> <span class='ocrx_word' id='word_1_248' title='bbox 524 3380 566 3469; x_wconf 78' lang='grc' dir='ltr'><strong>μὴ</strong></span> <span class='ocrx_word' id='word_1_249' title='bbox 587 3383 650 3468; x_wconf 69' lang='grc' dir='ltr'><strong><em>ἔχοι</em></strong></span> <span class='ocrx_word' id='word_1_250' title='bbox 667 3383 703 3451; x_wconf 84' lang='grc' dir='ltr'><strong>τὸ</strong></span> <span class='ocrx_word' id='word_1_251' title='bbox 722 3389 744 3450; x_wconf 84' lang='grc' dir='ltr'><strong>τ’</strong></span> <span class='ocrx_word' id='word_1_252' title='bbox 764 3383 825 3470; x_wconf 80' lang='grc' dir='ltr'><strong>πρὸ</strong></span> <span class='ocrx_word' id='word_1_253' title='bbox 846 3392 904 3455; x_wconf 84' lang='grc' dir='ltr'><strong>τοῦ</strong></span> <span class='ocrx_word' id='word_1_254' title='bbox 925 3395 958 3470; x_wconf 78' lang='grc' dir='ltr'><strong>ε’,</strong></span> <span class='ocrx_word' id='word_1_255' title='bbox 991 3410 1053 3475; x_wconf 85' lang='lat' dir='ltr'><strong>quo</strong></span> <span class='ocrx_word' id='word_1_256' title='bbox 1073 3397 1227 3477; x_wconf 80' lang='lat' dir='ltr'><strong>siguificat</strong></span> <span class='ocrx_word' id='word_1_257' title='bbox 1248 3397 1284 3462; x_wconf 84' lang='lat' dir='ltr'><strong>ad</strong></span> 
     </span>
     <span class='ocr_line' id='line_1_32' title="bbox 188 3480 1284 3576; baseline 0.014 -30"><span class='ocrx_word' id='word_1_258' title='bbox 188 3483 301 3564; x_wconf 80' lang='lat' dir='ltr'><strong>aliquid</strong></span> <span class='ocrx_word' id='word_1_259' title='bbox 324 3481 414 3567; x_wconf 85' lang='lat' dir='ltr'><strong>diota,</strong></span> <span class='ocrx_word' id='word_1_260' title='bbox 433 3480 541 3564; x_wconf 75' lang='grc' dir='ltr'><strong><em>ἕτερος,</em></strong></span> <span class='ocrx_word' id='word_1_261' title='bbox 563 3480 704 3566; x_wconf 74' lang='grc' dir='ltr'><strong><em>δεύτερος</em></strong></span> <span class='ocrx_word' id='word_1_262' title='bbox 723 3489 859 3572; x_wconf 85' lang='lat' dir='ltr'><strong>sequier,</strong></span> <span class='ocrx_word' id='word_1_263' title='bbox 878 3486 1024 3573; x_wconf 77' lang='grc' dir='ltr'><strong><em>πρότερος</em></strong></span> <span class='ocrx_word' id='word_1_264' title='bbox 1044 3499 1103 3557; x_wconf 81' lang='lat' dir='ltr'><strong>eie.</strong></span> <span class='ocrx_word' id='word_1_265' title='bbox 1123 3512 1203 3576; x_wconf 82' lang='lat' dir='ltr'><strong>quae</strong></span> <span class='ocrx_word' id='word_1_266' title='bbox 1222 3497 1284 3561; x_wconf 83' lang='lat' dir='ltr'><strong>He-</strong></span> 
     </span>
    </p>
   </div>
   <div class='ocr_carea' id='block_1_5' title="bbox 187 3581 1284 3676">
    <p class='ocr_par' dir='ltr' id='par_1_5' title="bbox 187 3581 1284 3676">
     <span class='ocr_line' id='line_1_33' title="bbox 187 3581 1284 3676; baseline 0.01 -29"><span class='ocrx_word' id='word_1_267' title='bbox 187 3583 333 3647; x_wconf 90' lang='lat' dir='ltr'><strong>rodianus</strong></span> <span class='ocrx_word' id='word_1_268' title='bbox 356 3582 460 3647; x_wconf 89' lang='lat' dir='ltr'><strong>Sobel.</strong></span> <span class='ocrx_word' id='word_1_269' title='bbox 482 3582 516 3647; x_wconf 91' lang='lat' dir='ltr'><strong>ll.</strong></span> <span class='ocrx_word' id='word_1_270' title='bbox 532 3584 553 3647; x_wconf 90' lang='lat'><strong>1.</strong></span> <span class='ocrx_word' id='word_1_271' title='bbox 574 3583 644 3650; x_wconf 81' lang='lat'><strong>280.</strong></span> <span class='ocrx_word' id='word_1_272' title='bbox 666 3584 785 3649; x_wconf 87' lang='lat' dir='ltr'><strong>literam</strong></span> <span class='ocrx_word' id='word_1_273' title='bbox 805 3581 826 3649; x_wconf 80' lang='grc' dir='ltr'><strong>τ’</strong></span> <span class='ocrx_word' id='word_1_274' title='bbox 845 3588 875 3650; x_wconf 94' lang='lat' dir='ltr'><strong>in</strong></span> <span class='ocrx_word' id='word_1_275' title='bbox 898 3606 1055 3672; x_wconf 80' lang='lat' dir='ltr'><strong>paragoge</strong></span> <span class='ocrx_word' id='word_1_276' title='bbox 1073 3591 1190 3659; x_wconf 84' lang='lat' dir='ltr'><strong>babere</strong></span> <span class='ocrx_word' id='word_1_277' title='bbox 1206 3594 1284 3676; x_wconf 88' lang='lat' dir='ltr'><strong>dicit,</strong></span> 
     </span>
    </p>
   </div>
   <div class='ocr_carea' id='block_1_6' title="bbox 189 3768 466 3781">
    <p class='ocr_par' dir='ltr' id='par_1_6' title="bbox 189 3768 466 3781">
     <span class='ocr_line' id='line_1_34' title="bbox 189 3768 466 3781; baseline -0.004 -1"><span class='ocrx_word' id='word_1_278' title='bbox 189 3768 466 3781; x_wconf 52' lang='lat'><strong>5-....--——-</strong></span> 
     </span>
    </p>
   </div>
   <div class='ocr_carea' id='block_1_7' title="bbox 192 3876 1285 4041">
    <p class='ocr_par' dir='ltr' id='par_1_7' title="bbox 192 3876 1285 4041">
     <span class='ocr_line' id='line_1_35' title="bbox 258 3876 1285 3959; baseline 0.01 -26"><span class='ocrx_word' id='word_1_279' title='bbox 258 3878 302 3946; x_wconf 82' lang='grc'><strong>16)</strong></span> <span class='ocrx_word' id='word_1_280' title='bbox 321 3877 395 3932; x_wconf 88' lang='lat' dir='ltr'><strong>ldem</strong></span> <span class='ocrx_word' id='word_1_281' title='bbox 412 3876 519 3933; x_wconf 74' lang='lat' dir='ltr'><strong>verbum</strong></span> <span class='ocrx_word' id='word_1_282' title='bbox 537 3883 579 3933; x_wconf 78' lang='lat' dir='ltr'><strong>esi</strong></span> <span class='ocrx_word' id='word_1_283' title='bbox 595 3878 651 3947; x_wconf 85' lang='grc' dir='ltr'><strong>ῥόω</strong></span> <span class='ocrx_word' id='word_1_284' title='bbox 669 3879 802 3950; x_wconf 64' lang='lat' dir='ltr'><strong>(praepter)</strong></span> <span class='ocrx_word' id='word_1_285' title='bbox 822 3888 850 3937; x_wconf 79' lang='lat' dir='ltr'><strong>el</strong></span> <span class='ocrx_word' id='word_1_286' title='bbox 867 3886 922 3955; x_wconf 77' lang='grc' dir='ltr'><strong><em>ὅροι</em></strong></span> <span class='ocrx_word' id='word_1_287' title='bbox 940 3884 1055 3956; x_wconf 69' lang='lat' dir='ltr'><strong>(epodo)</strong></span> <span class='ocrx_word' id='word_1_288' title='bbox 1075 3893 1104 3942; x_wconf 78' lang='lat' dir='ltr'><strong>ut</strong></span> <span class='ocrx_word' id='word_1_289' title='bbox 1121 3889 1175 3957; x_wconf 78' lang='grc' dir='ltr'><strong>ῥίω</strong></span> <span class='ocrx_word' id='word_1_290' title='bbox 1188 3890 1285 3959; x_wconf 65' lang='grc' dir='ltr'><strong><em>(ῥῆμα)</em></strong></span> 
     </span>
     <span class='ocr_line' id='line_1_36' title="bbox 192 3957 1285 4041; baseline 0.015 -32"><span class='ocrx_word' id='word_1_291' title='bbox 192 3963 219 4015; x_wconf 80' lang='lat' dir='ltr'><strong>et</strong></span> <span class='ocrx_word' id='word_1_292' title='bbox 236 3959 288 4026; x_wconf 72' lang='grc' dir='ltr'><strong><em>ἔρια</em></strong></span> <span class='ocrx_word' id='word_1_293' title='bbox 307 3957 398 4028; x_wconf 76' lang='grc' dir='ltr'><strong>(ἐρέω)</strong></span> <span class='ocrx_word' id='word_1_294' title='bbox 418 3965 445 4015; x_wconf 81' lang='lat' dir='ltr'><strong>et</strong></span> <span class='ocrx_word' id='word_1_295' title='bbox 461 3959 492 4012; x_wconf 73' lang='lat' dir='ltr'><strong>ab</strong></span> <span class='ocrx_word' id='word_1_296' title='bbox 510 3958 562 4014; x_wconf 82' lang='lat' dir='ltr'><strong>hoc</strong></span> <span class='ocrx_word' id='word_1_297' title='bbox 580 3967 724 4031; x_wconf 77' lang='lat' dir='ltr'><strong>composita</strong></span> <span class='ocrx_word' id='word_1_298' title='bbox 737 3966 888 4035; x_wconf 75' lang='grc' dir='ltr'><strong><em>πειλίνωρος</em></strong></span> <span class='ocrx_word' id='word_1_299' title='bbox 903 3969 946 4023; x_wconf 82' lang='lat' dir='ltr'><strong>vel</strong></span> <span class='ocrx_word' id='word_1_300' title='bbox 965 3968 1140 4038; x_wconf 74' lang='grc' dir='ltr'><strong><em>παλίνορῥος,</em></strong></span> <span class='ocrx_word' id='word_1_301' title='bbox 1167 3974 1285 4041; x_wconf 78' lang='grc' dir='ltr'><strong><em>ἄψορρος</em></strong></span> 
     </span>
    </p>
   </div>
   <div class='ocr_carea' id='block_1_8' title="bbox 185 4038 1282 4197">
    <p class='ocr_par' dir='ltr' id='par_1_8' title="bbox 185 4038 1282 4197">
     <span class='ocr_line' id='line_1_37' title="bbox 189 4038 1282 4117; baseline 0.021 -28"><span class='ocrx_word' id='word_1_302' title='bbox 189 4046 216 4094; x_wconf 83' lang='lat' dir='ltr'><strong>et</strong></span> <span class='ocrx_word' id='word_1_303' title='bbox 238 4038 376 4107; x_wconf 73' lang='grc' dir='ltr'><strong><em>ιψθύωρος</em></strong></span> <span class='ocrx_word' id='word_1_304' title='bbox 398 4041 535 4110; x_wconf 74' lang='grc' dir='ltr'><strong><em>εὐψυωρία</em></strong></span> <span class='ocrx_word' id='word_1_305' title='bbox 553 4044 571 4096; x_wconf 92' lang='lat' dir='ltr'><strong>i.</strong></span> <span class='ocrx_word' id='word_1_306' title='bbox 591 4057 616 4111; x_wconf 84' lang='lat' dir='ltr'><strong>q.</strong></span> <span class='ocrx_word' id='word_1_307' title='bbox 643 4047 813 4117; x_wconf 71' lang='lat' dir='ltr'><strong>aedepopta,</strong></span> <span class='ocrx_word' id='word_1_308' title='bbox 838 4051 946 4107; x_wconf 86' lang='lat' dir='ltr'><strong>coulusa</strong></span> <span class='ocrx_word' id='word_1_309' title='bbox 964 4053 1093 4109; x_wconf 86' lang='lat' dir='ltr'><strong>interdurn</strong></span> <span class='ocrx_word' id='word_1_310' title='bbox 1111 4069 1172 4110; x_wconf 85' lang='lat' dir='ltr'><strong>oum</strong></span> <span class='ocrx_word' id='word_1_311' title='bbox 1192 4057 1282 4111; x_wconf 87' lang='lat' dir='ltr'><strong>bouro-</strong></span> 
     </span>
     <span class='ocr_line' id='line_1_38' title="bbox 185 4120 764 4197; baseline 0.028 -26"><span class='ocrx_word' id='word_1_312' title='bbox 185 4120 278 4188; x_wconf 83' lang='lat' dir='ltr'><strong>pionis</strong></span> <span class='ocrx_word' id='word_1_313' title='bbox 297 4133 365 4186; x_wconf 88' lang='lat' dir='ltr'><strong>quae</strong></span> <span class='ocrx_word' id='word_1_314' title='bbox 382 4120 416 4175; x_wconf 88' lang='lat' dir='ltr'><strong>ad</strong></span> <span class='ocrx_word' id='word_1_315' title='bbox 429 4120 491 4190; x_wconf 77' lang='grc' dir='ltr'><strong><em>ὅρος</em></strong></span> <span class='ocrx_word' id='word_1_316' title='bbox 507 4128 535 4178; x_wconf 88' lang='lat' dir='ltr'><strong>et</strong></span> <span class='ocrx_word' id='word_1_317' title='bbox 551 4121 608 4194; x_wconf 76' lang='grc' dir='ltr'><strong><em>ὥρα</em></strong></span> <span class='ocrx_word' id='word_1_318' title='bbox 628 4133 764 4197; x_wconf 82' lang='lat' dir='ltr'><strong>pertinent</strong></span> 
     </span>
    </p>
   </div>
   <div class='ocr_carea' id='block_1_9' title="bbox 0 0 1352 4756">
    <p class='ocr_par' dir='ltr' id='par_1_9' title="bbox 0 0 1352 4756">
     <span class='ocr_line' id='line_1_39' title="bbox 0 0 1352 4756; baseline 0 0"><span class='ocrx_word' id='word_1_319' title='bbox 0 0 1352 4756; x_wconf 95' lang='lat' dir='ltr'><strong> </strong></span> 
     </span>
    </p>
   </div>
  </div>
 </body>
</html>
