2648 4756
102 323 176 392 m
466 314 790 380 nissnnrnrio
820 314 872 381 vi.

102 489 238 562 moa,
260 477 375 546 ἇκωιία
395 488 428 545 et
447 487 589 544 assumto
603 473 1092 555 mundabatavtitroariaetir.
1120 483 1210 558 Quae

104 591 228 668 praeter
248 582 303 645 iiia
322 581 475 663 leguntur,
497 585 648 661 suspeota
667 586 753 643 sunt:
774 579 888 660 tiques
914 574 1212 663 &unisonantiam

104 676 237 763 κόφινος
262 675 356 762 μέγας
382 679 455 743 iies.
483 678 522 742 do
556 692 619 757 quo
646 676 724 739 uiirii
750 677 878 740 adnotat
904 678 1071 742 Seironiua
1099 678 1156 743 sed
1181 681 1214 742 in

105 778 186 845 linit.
207 778 283 858 flag.
304 780 453 859 seriptum
481 783 532 841 est
550 776 668 859 ταρίφη
688 775 727 840 ad
761 775 898 839 ordinem
918 776 1081 840 literarum
1102 779 1216 858 pariter

107 879 307 941 eonneuieus.
348 877 415 941 Neo
434 876 593 956 proprium
622 890 696 938 sese
723 875 813 937 otiert
840 880 928 937 extra
946 867 1132 955 utoniows.
1173 877 1216 939 lie

108 976 251 1056 proximo
272 989 387 1054 genere
408 972 469 1037 duo
490 973 578 1036 affert
599 974 843 1037 Ciroeroboseus
864 989 894 1051 p.
922 973 993 1036 257.
1023 967 1064 1035 τὰ
1090 973 1136 1047 εἰς
1161 959 1217 1055 φ’(ἶς

107 1073 262 1155 neumatum
283 1071 377 1151 (adde
395 1066 451 1154 μὴ)
472 1067 550 1133 ὄντα
570 1065 716 1151 οὐδέτεροι
737 1065 860 1151 (διὰτὸ
880 1070 1009 1150 λαῖφος)
1030 1067 1081 1134 ἑνὶ
1106 1070 1218 1156 φωνή-

109 1188 173 1234 οντι
191 1166 431 1252 merovaeo,
452 1165 570 1251 ἔριφος,
597 1166 748 1252 Τήλεφος,
769 1166 903 1247 aimone,
923 1170 1069 1249 σημαίνει
1092 1167 1126 1234 δὲ
1144 1194 1217 1235 ποι-

109 1266 207 1347 nom,
229 1269 312 1349 quod
333 1268 444 1333 eodem
465 1269 530 1331 iere
552 1267 644 1331 modo
667 1266 750 1348 apud
772 1264 889 1331 Suidau
911 1267 1024 1347 iegitur
1053 1266 1217 1354 κονιφοςό

110 1368 257 1449 ποικίλος,
286 1367 342 1431 sed
370 1368 500 1448 primum
527 1368 659 1429 aaronis
687 1373 846 1429 auctorem
875 1380 938 1428 nou
972 1367 1021 1429 sio
1049 1371 1218 1452 scripsisse

112 1467 258 1546 auspicor
286 1464 344 1530 seni
375 1458 738 1546 numerisrumeris,
769 1463 821 1543 qui
848 1461 941 1527 modo
969 1464 1015 1527 itu
1044 1470 1220 1533 nominatur

112 1562 214 1628 Noun.
235 1563 312 1628 xiii.
332 1565 403 1629 274.
425 1562 517 1627 modo
540 1563 650 1635 Κίννο
667 1578 695 1624 r.
721 1561 833 1624 Parati.
854 1561 924 1626 tot.
965 1564 1075 1644 itaqua
1098 1574 1220 1646 praeter

113 1658 230 1742 ἔριφος,
252 1660 336 1740 quod
357 1678 426 1725 oum
445 1655 550 1741 ἀρνός,
579 1676 670 1741 arua,
700 1660 798 1737 aries,
830 1663 1047 1738 cognationem
1080 1664 1177 1728 habet
1195 1684 1218 1730 n.

114 1758 225 1822 Paruit
248 1759 297 1821 ut.
319 1765 350 1822 et
363 1754 510 1840 ’Ἄντιφος
527 1758 788 1839 audrouymioum,
809 1757 892 1837 qrrod
921 1760 1060 1824 tortasse
1089 1778 1220 1845 oompo-

115 1856 208 1921 situm
229 1863 333 1919 estut
363 1852 511 1938 Τήλεφος,
538 1856 654 1919 nntium
680 1856 878 1935 relinquitur,
905 1862 994 1937 nutus
1023 1862 1219 1939 penultimam

114 1952 240 2016 brevem
268 1968 341 2016 esse
369 1960 509 2032 constet3
536 1968 608 2016 nam
635 1953 792 2033 Neripirus
820 1952 922 2016 insuia
948 1955 1024 2020 Ptin.
1052 1957 1104 2020 IV.
1127 1959 1176 2023 23.
1204 1977 1221 2024 a

117 2049 220 2128 poetis
241 2050 350 2114 siletur
370 2060 401 2115 et
420 2048 565 2133 Νάλιφος
584 2050 675 2114 Paus.
696 2050 771 2112 vni.
793 2049 844 2131 38,
866 2052 894 2114 7.
916 2070 973 2133 pro
998 2070 1060 2134 quo
1081 2057 1115 2119 iu
1134 2058 1219 2121 eodo.

117 2140 265 2228 Νάφιλος
285 2149 450 2230 seriptum;
471 2146 598 2229 σέριφος
618 2150 686 2210 sive
701 2144 830 2227 σέριφον
843 2149 938 2213 uerba
954 2150 1059 2214 Galen.
1076 2152 1117 2217 de
1133 2155 1221 2218 Tem-

118 2260 184 2326 per.
206 2247 311 2327 Simpt.
335 2247 369 2310 V.
392 2247 439 2312 12.
461 2264 490 2328 p.
513 2249 583 2311 tro.
607 2245 641 2311 T.
661 2245 710 2308 iit.
731 2246 800 2307 sine
821 2245 914 2309 dubio
936 2248 975 2310 ab
994 2250 1100 2314 insuia
1114 2269 1221 2317 nomen

118 2342 213 2406 habet
234 2351 267 2406 ut
287 2345 388 2408 burrus
410 2353 440 2409 ot
463 2346 592 2424 thapsus
620 2358 677 2407 seu
704 2344 869 2422 enupsia30
895 2345 997 2408 insuia
1028 2353 1134 2410 autern
1162 2350 1222 2412 iota

119 2440 244 2521 tongum
272 2442 365 2505 habet
391 2444 531 2522 quamuis
559 2443 695 2505 attritum
724 2440 923 2505 diuturnitate
951 2445 1119 2525 temporis3
1156 2463 1221 2509 nam

120 2538 212 2603 hodie
235 2543 355 2620 Serpiro
378 2545 408 2601 et
437 2539 591 2618 serpente
620 2537 745 2616 dieitur3
774 2554 812 2599 ae
841 2538 977 2602 tortasse
1004 2555 1044 2605 ue
1073 2543 1114 2606 ab
1139 2546 1221 2609 initio

121 2636 241 2716 quidem
260 2638 386 2699 insitum
414 2643 506 2715 atqua
535 2637 688 2712 innatum3
715 2637 738 2697 ii
764 2643 849 2698 certe
877 2638 928 2716 qui
956 2638 1040 2717 quod
1070 2644 1222 2720 proverbii

120 2732 213 2796 modo
235 2731 346 2796 dieitur
366 2734 464 2814 γραῦς
484 2734 594 2814 neutum
614 2732 653 2795 de
674 2733 796 2797 ioousta
827 2736 1020 2815 interpretati
1049 2747 1141 2822 sunt,
1168 2756 1223 2803 oo-

121 2832 301 2912 gitationom
323 2830 361 2895 ad
383 2848 494 2895 nomen
514 2827 629 2911 οέρφος
648 2832 794 2895 retulisse
815 2833 956 2897 uidentur
975 2841 1007 2896 et
1028 2851 1129 2915 saepe
1150 2838 1223 2901 alias

26 2998 36 3012 ‚
122 2932 188 2993 iota
215 2939 288 2994 anto
309 2929 390 2995 hano
420 2931 664 2993 terminationem
685 2931 834 2993 insertum
856 2933 1042 3013 reperimus,
1078 2950 1144 2997 nou
1170 2954 1223 3000 so-

122 3027 184 3089 lum
204 3029 299 3091 breve
319 3035 353 3090 ut
374 3023 517 3110 στέριφος
537 3043 576 3090 ox
594 3023 720 3108 στερρός
741 3029 909 3092 derivatum
939 3037 988 3092 est
1015 3029 1097 3093 uude
1128 3050 1223 3111 syno-

122 3139 245 3200 uymnm
267 3124 427 3202 οτὲρφνιος
448 3121 580 3205 σκληρός
598 3126 670 3189 Hes.
693 3134 722 3188 et
745 3128 773 3189 si
795 3135 879 3190 reete
908 3144 943 3191 se
965 3128 1059 3190 habet
1081 3129 1223 3210 llesyohii

123 3220 232 3299 glossa
251 3216 407 3301 Μόροφον
426 3218 586 3285 σκοτεινόν
605 3219 717 3304 μέλον,
747 3224 778 3287 id
800 3241 923 3305 quoqne
946 3229 1102 3290 suoorevit
1128 3230 1223 3310 bisyi-

122 3314 365 3400 laborabamus,
388 3319 636 3401 quod-'pierium
663 3316 755 3402 μέλας
783 3330 813 3386 et
841 3315 959 3403 ὀρφνός
985 3323 1225 3404 interpretantur

123 3434 152 3478 v.
174 3416 284 3483 Parati.
302 3418 372 3482 341.
395 3416 465 3483 344.
486 3418 556 3483 358.
593 3419 655 3483 Sed
682 3422 773 3483 etiam
800 3420 925 3499 longum
951 3427 985 3481 ut
1011 3417 1169 3505 οκάριφος
1192 3422 1224 3489 τὸ

122 3511 245 3596 κάρφος
263 3514 378 3579 Aneod.
399 3516 494 3581 nant.
513 3516 583 3580 239.
606 3516 666 3580 hoo
688 3525 737 3581 est
758 3519 887 3600 festuca,
909 3518 1025 3599 ossula,
1043 3522 1125 3586 unde
1139 3540 1224 3603 σκνρ

123 3614 199 3696 urion
226 3622 347 3676 tessera
382 3619 413 3676 et
443 3615 569 3677 uerbum
596 3618 800 3697 σκαρφᾶσθοι
834 3614 1067 3679 σκεδάννυσθαι
1095 3621 1169 3686 Hes.
1197 3622 1223 3686 id

125 3719 174 3777 est
194 3710 338 3775 assulose
360 3711 467 3794 inungi,
489 3713 521 3774 iu
543 3712 680 3776 iestuoas
702 3712 825 3797 diffindi,
846 3716 1053 3794 germanicum
1076 3721 1223 3803 zeraptit-

126 3815 205 3891 torn,
229 3826 328 3891 neque
350 3810 480 3874 aliaest
503 3810 589 3891 origo
612 3809 699 3874 uerbi
720 3828 739 3875 a
759 3810 931 3892 Phrynicho
952 3812 1018 3877 Eol.
1041 3814 1115 3883 218.
1143 3817 1223 3884 uan-

191 4029 221 4095 6]
251 4029 358 4084 Poetioa
384 4031 540 4095 metonymia
558 4038 600 4087 ost
616 4032 754 4099 Anticyras
775 4032 876 4084 mrim
899 4049 1016 4086 araneos
1033 4035 1108 4093 Pers.
1127 4039 1169 4094 li.
1188 4043 1220 4097 15.

125 4110 158 4164 ei.
181 4109 294 4165 Meineir.
314 4111 371 4164 Vol.
390 4112 431 4163 iv.
451 4112 510 4166 iti.
