2648 4756
198 306 245 373 62
557 306 882 374 nrs'snnnarro
917 305 939 370 l.

199 471 278 533 lecte
300 469 411 532 similia
432 467 621 552 eluceatis,
649 465 766 553 κήρυξ,
794 467 902 550 ιιὸρος,
929 469 1039 545 κίσσα,
1060 465 1189 549 δῶρον,
1209 467 1301 550 μῆλον,

197 561 289 640 ἀσπίς
310 574 368 631 etc.
395 568 531 632 exclusis
561 570 703 633 omuibus
731 585 812 650 quae
841 569 890 633 vel
919 574 1052 631 accentu
1081 565 1257 648 dicerem
1273 574 1300 630 rt

202 660 310 738 Φάκος
330 682 439 749 mons,
467 664 570 749 ’φακός
590 670 660 732 tens
680 666 792 731 Aroad.
815 683 844 747 p.
866 667 916 732 50.
943 664 1062 748 βύσσος
1090 659 1110 729 ὁ
1136 663 1240 748 βυθός
1258 664 1298 729 uei

197 758 315 845 βοσσός
337 758 374 826 τὸ
400 762 508 847 βάμμα
535 768 640 832 Schul
668 767 739 830 Eur.
767 765 1160 846 Ρὴοοιιιι.1005.ιιαι”ρος
1188 771 1220 829 et
1245 786 1299 827 ιιιι·

199 857 269 945 oris,
298 864 347 926 vel
375 867 589 928 terminatione
616 861 706 945 κώμη
732 865 836 944 κῶμος
856 865 961 944 κῶμα,
989 863 1121 945 βρῶμος
1138 859 1248 946 Mur]
1266 863 1302 926 rel

157 1032 161 1037 ,
201 961 407 1026 declinatione
436 957 454 1025 ὁ
481 959 598 1043 φάρος,
625 958 646 1044 ἡ
675 956 777 1043 φάρος
805 969 837 1025 et
862 957 899 1025 τὸ
922 958 1083 1044 φάρος,12
1112 962 1165 1029 ael
1183 969 1303 1041 unoque

202 1061 311 1142 σφῦρα
332 1068 363 1124 οι
384 1056 526 1143 σφυρόν,
548 1078 627 1141 quae
650 1064 710 1125 etsi
732 1061 911 1141 prosodiam
932 1077 1056 1141 quoque
1079 1060 1238 1125 diversam
1255 1060 1304 1122 lra-

201 1159 275 1222 beut
295 1166 329 1222 ut
354 1155 457 1240 ilices
477 1167 509 1224 et
529 1154 638 1240 τορός,
668 1167 770 1222 tamen
792 1159 948 1222 nonnullis
970 1165 1112 1239 cognata
1129 1156 1304 1222 videmur.¹³

200 1257 271 1321 Nou
299 1265 385 1321 recte
412 1260 504 1338 igitur
531 1257 714 1321 Plutarchus
744 1259 854 1321 Sertor
878 1254 1304 1332 1.”Ιος1ιιειι1ιιοιιοιιιιιιιι

200 1356 252 1420 iou
284 1356 386 1419 violae
413 1355 599 1434 homonyma
627 1355 716 1437 dicit,
753 1362 785 1419 et
812 1355 917 1420 Senot.
945 1355 1082 1420 Phoenn.
1115 1355 1166 1421 10.
1199 1351 1303 1438 Θρσείς

200 1448 273 1517 υἱὸν
287 1449 453 1535 ἐποιήσατο
474 1447 645 1536 ὁμώνυμον
665 1455 704 1537 τῇ
720 1448 895 1537 Ἱππολύτη.
929 1453 995 1517 Nee
1016 1453 1194 1534 probamus
1216 1451 1301 1519 Sohcl

203 1554 332 1618 Theocr.
354 1552 416 1617 Vll.
439 1552 487 1616 75.
511 1545 629 1632 Ἱμέρας
656 1546 795 1634 ποταμὸς
821 1550 875 1616 κοιλ
900 1547 988 1625 πόλις
1016 1547 1213 1634 ὁμωνύμως,
1246 1568 1302 1616 nan

202 1653 280 1716 liaeo
308 1653 347 1715 ab
369 1652 422 1714 illo
445 1651 641 1714 denominata
663 1659 712 1714 est
733 1658 766 1714 ut
787 1651 879 1714 Duris
901 1651 944 1713 ait
970 1645 1019 1712 ὅτι
1039 1648 1074 1712 αἱ
1092 1654 1235 1715 πλεῖστοι
1252 1651 1303 1714 τῶν

202 1750 332 1812 σικελῶν
358 1744 480 1811 πόλεων
506 1745 541 1812 ἐκ
566 1751 630 1812 τῶν
656 1751 804 1830 ποταμῶν
831 1742 1050 1828 ὀνομάζονται,
1085 1745 1189 1828 Γέλα,
1205 1745 1302 1832 Ἱμέρα,

203 1848 370 1926 Σελινοῦς,
409 1850 580 1922 Φοινικοῦς
608 1856 666 1912 eto.
690 1847 796 1928 Steph.
830 1866 856 1912 s,
884 1840 1043 1929 Ἀκρᾶγας.
1104 1849 1191 1912 llaec
1224 1849 1302 1928 igitar

203 1946 324 2026 aliaque
352 1963 432 2027 quae
462 1947 569 2010 Vibius
597 1949 768 2027 sequester
793 1948 825 2009 in
848 1946 927 2009 libro
950 1945 988 2008 de
1009 1945 1112 2009 tturiis
1134 1946 1303 2010 adnumerat

201 2045 305 2124 Lycos
334 2046 433 2108 Asiae
460 2046 544 2109 code
572 2045 735 2125 oppidum,
771 2043 919 2107 Xcuttus
939 2043 1173 2124 Lycioeeude
1200 2048 1302 2109 σιὀιιιι

204 2150 263 2206 etc.
285 2144 313 2206 si
336 2142 477 2207 omnibus
499 2145 564 2207 suis
587 2143 722 2206 numeris
744 2149 776 2205 et
796 2142 936 2223 partibus
959 2143 1039 2205 inter
1066 2159 1104 2206 sc
1127 2144 1303 2206 convenimt

203 2234 276 2304 utd
302 2236 405 2323 Τάρας
425 2241 500 2305 urbs
523 2248 554 2304 et
574 2241 694 2322 lumen,
715 2240 789 2304 nihil
810 2247 859 2304 est
881 2256 942 2320 quo
965 2240 1004 2303 ab
1026 2240 1227 2319 homonymis
1247 2238 1302 2303 dis·

203 2341 288 2404 cerni
310 2342 442 2421 possint,
464 2340 524 2401 nisi
546 2338 629 2419 quod
651 2340 783 2402 amnium
803 2339 927 2401 nomina
944 2339 1099 2418 primitiva
1114 2355 1190 2402 esse
1204 2337 1301 2401 dicun

204 2445 268 2519 tur,
296 2438 415 2501 urbium
443 2436 596 2515 derivata,
627 2439 707 2500 inter
728 2437 913 2514 homonyma
934 2453 1008 2500 veru
1036 2435 1124 2499 uuila
1150 2432 1303 2500 intercedit

204 2537 342 2598 societas
364 2551 464 2613 neque
486 2533 545 2596 dici
573 2541 679 2614 potest
707 2551 746 2598 ex
772 2535 876 2597 multis
899 2535 951 2614 qui
972 2534 1080 2597 Diouis
1103 2533 1155 2598 vel
1178 2532 1302 2597 'theonis

203 2647 316 2695 nomen
335 2637 501 2712 gesseruut
523 2647 615 2695 uuum
637 2632 677 2696 ab
698 2631 797 2695 alteru
820 2631 1008 2712 appellatum
1028 2647 1112 2696 esse.
1129 2633 1158 2673 ¹⁴
1201 2631 1302 2696 Claus-

273 2881 317 2948 12)
348 2878 464 2935 Derides
486 2879 512 2931 in
533 2877 612 2932 Arist.
631 2878 722 2946 Categ.
742 2895 767 2948 p.
788 2879 830 2936 42.
846 2879 871 2932 b.
892 2880 931 2935 15.
960 2876 1023 2929 οὐδὲ
1048 2876 1141 2947 φᾶρος
1161 2874 1300 2945 ὁμώνυμοι

204 2960 276 3015 εἶναι
300 2961 429 3014 δύναται·
459 2960 541 3025 δηλοῖ
559 2960 613 3032 γὰρ
639 2962 761 3026 θηλυκῶς
783 2961 837 3030 μέν
859 2960 908 3025 τὴν
932 2959 1028 3025 πάλην,
1055 2959 1208 3028 ἀρσενικῶς
1231 2959 1259 3013 di
1275 2955 1299 3008 ri

204 3048 312 3112 κτίσμα,
332 3044 479 3112 οὐδετέρως
496 3042 525 3096 δὲ
547 3043 575 3095 τὸ
595 3042 713 3112 ἱμάτιον.
737 3045 804 3099 lllad
821 3046 877 3098 sine
894 3044 973 3098 dubio
988 3049 1028 3099 est
1040 3044 1150 3097 latinum
1163 3044 1300 3111 fursaei!

204 3129 315 3192 vestigia
338 3129 365 3179 in
382 3140 478 3192 graeco
496 3140 617 3182 sermone
636 3127 809 3182 demonstravi
830 3129 857 3178 in
874 3127 966 3181 Parati.
985 3127 1027 3182 tt.
1068 3126 1109 3181 lle
1132 3126 1185 3180 troc
1203 3126 1300 3194 praeci·

203 3222 268 3278 pere
292 3209 395 3263 ridetur
417 3208 580 3264 Herodianus
602 3225 630 3260 n.
656 3213 725 3261 Μον.
744 3225 770 3278 p.
789 3211 831 3266 35.
853 3210 956 3279 ἔχομεν
977 3210 1023 3261 καὶ
1043 3206 1073 3259 τὸ
1090 3207 1178 3279 βάρος
1193 3207 1300 3278 (φᾶρος)

204 3289 305 3360 ὁμοίως
326 3289 437 3344 <tetrade
458 3289 585 3359 ὑπάρχον
607 3293 654 3343 καὶ
671 3290 862 3360 ἐκτεινόμενον
885 3292 913 3345 td
932 3301 951 3344 ᾶ
973 3291 1040 3361 πρὸς
1058 3290 1238 3360 ἀντέμφτισιν
1263 3288 1302 3342 roi

204 3374 357 3442 οὐδετέρου,
377 3373 447 3442 qnod
465 3380 575 3428 aratrum
594 3371 767 3441 significatio
784 3375 1067 3443 Antimachirersup.
1086 3372 1130 3430 36.
1149 3371 1194 3426 ἀεὶ
1207 3371 1302 3447 φάρεσι

203 3456 368 3528 lavariocam
385 3457 457 3525 ἔχων
477 3457 645 3526 (χτιτεόυσαν
659 3456 792 3526 Ἐχῖνον).

273 3543 318 3611 13)
340 3541 415 3605 Quod
433 3530 634 3608 Phylarehns'in
652 3539 741 3594 Soloi.
759 3540 832 3594 Piud.
852 3539 926 3596 Nem.
944 3540 985 3594 lv.
1002 3539 1046 3598 81.
1063 3546 1151 3595 ramat
1166 3540 1302 3594 Vulcanum

143 3620 147 3631 ’
204 3623 316 3693 σφῦραν
330 3625 426 3689 λαβεῖν
444 3625 491 3674 κοιλ
507 3623 626 3683 πατάξαι
646 3625 685 3681 εἰς
703 3623 733 3675 τὸ
750 3623 859 3693 σφυρὸν
875 3623 924 3687 τὴν
944 3625 1031 3683 Θέτιν,
1048 3623 1134 3677 lusum
1149 3623 1302 3691 etymologi-

206 3723 264 3762 cnru
283 3709 377 3762 lusisse
394 3705 505 3759 ridetur.
540 3705 594 3762 Sed
615 3720 676 3762 esse
695 3707 824 3775 quandam
842 3709 976 3775 utriusque
995 3707 1192 3762 similitudinem
1210 3706 1301 3775 proba·

206 3797 246 3844 tur
264 3804 297 3846 eo
315 3789 384 3859 quod
402 3788 499 3845 medici
516 3792 678 3846 recentiores
695 3790 775 3844 tatum
791 3792 933 3844 noireto·
949 3797 1053 3845 vocant.

273 3874 318 3939 tl)
338 3874 417 3936 Qum
436 3874 515 3925 euenit
531 3880 558 3924 ot
574 3873 647 3926 malti
666 3874 750 3924 sortem
766 3875 864 3925 nomiae
880 3876 985 3940 propriu
1001 3879 1182 3940 ιιιιιιιιιμειιιιιτ,
1200 3870 1302 3938 fortudo

204 3963 228 4008 et
245 3957 303 4007 soto
326 3971 399 4022 occe,
423 3973 473 4007 ιιοιι
496 3957 572 4007 nium
590 3957 714 4008 intellectu
732 3957 869 4009 commonia
886 3958 995 4024 alicujus
1011 3955 1169 4008 ιιιόιλσιιιίστ
1187 3956 1227 4007 rel
1244 3968 1301 4022 qu·

205 4039 286 4089 tirolis
302 4036 348 4088 λοι
364 4035 420 4099 liert
436 4039 499 4090 rotet
522 4039 602 4092 Prisc.
621 4040 654 4094 ti.
675 4041 702 4106 5,
720 4039 762 4095 'td
789 4039 861 4095 ilaec
878 4045 996 4095 veterum
1014 4040 1129 4094 nonnulli
1152 4040 1301 4108 puteorum

206 4119 324 4175 dixerunt
339 4119 456 4188 simplic.
477 4122 503 4172 iu
525 4121 615 4188 (later¹
636 4137 661 4190 μ.
680 4124 705 4178 t.
724 4121 750 4175 b.
776 4122 825 4178 sed
848 4122 899 4176 troc
924 4135 1017 4177 nomen
1042 4122 1137 4179 meam
1160 4127 1301 4180 reeenrtrr
