2648 4756
156 323 204 391 70
520 313 844 381 nissuuuaulo
878 314 900 380 l

162 470 318 537 nationem
338 461 538 527 masculinam
559 465 730 528 attribuunt
750 459 881 543 Κόττας,
894 466 923 504 ²⁶
946 456 1150 544 Κορώνας,
1176 467 1266 531 Κιλι-

163 564 273 652 petae,
306 557 436 635 Πόονας
456 561 567 625 Parall.
592 563 660 628 13¹2.
689 562 897 626 circumducta
924 578 1154 642 nonnunquam
1174 565 1263 631 ult'urn

161 663 318 747 Κορωνᾶς
337 663 395 726 Dio
418 660 507 724 Cass.
519 659 620 723 XLVl.
635 661 685 725 uti.
706 662 842 735 Μουοᾶς
856 658 960 724 Galen.
975 659 1071 725 lieth.
1088 661 1164 728 Cur.
1178 663 1212 730 t.
1224 663 1264 745 lt,

163 763 236 831 356.
259 762 292 826 T.
307 759 343 825 lt
365 765 396 824 et
416 758 595 822 Priscianus
616 758 664 821 ill.
679 757 708 840 2,
725 757 793 822 lca.
814 756 985 821 masculina
1006 775 1084 822 essa
1098 758 1176 824 dicit
1194 778 1270 843 pare

167 860 255 942 apud
277 858 417 922 Graecos
440 859 611 919 assumunt
632 858 735 936 sipoto
757 857 940 933 Κατιλίνας,
962 850 1103 935 Σύλλας,
1119 850 1272 935 Ἅιιόλλας.

167 960 266 1025 Aliter
293 973 367 1019 uero
396 955 540 1035 llomaui,
574 961 608 1017 ut
636 954 841 1029 Quintilianus
868 955 889 1019 L
918 954 948 1036 l,
976 953 1026 1020 24.
1054 954 1213 1021 Muraena
1241 964 1275 1024 et

126 1079 134 1091 ‘
169 1056 351 1137 Glycerium
363 1053 519 1134 feminiae
534 1054 698 1132 positione
710 1068 828 1133 mures,
849 1053 991 1116 neutrali
1009 1053 1158 1134 semme
1177 1059 1273 1135 ιίςκό-

168 1155 278 1236 praet.
324 1151 460 1229 Quorum
485 1150 614 1214 alterum
647 1150 755 1230 negari
781 1165 844 1212 non
872 1156 978 1230 potest
1004 1151 1215 1219 translatione
1240 1154 1276 1219 ad

169 1253 329 1319 mulierem
359 1267 398 1314 eu
425 1255 535 1312 neutro
558 1248 732 1311 lemininum
754 1249 867 1312 lactura
889 1265 963 1313 esse
991 1254 1027 1312 ut
1047 1246 1167 1332 Λάβδα
1186 1261 1277 1318 mater

170 1351 315 1434 Cypseli,
342 1345 479 1428 Ὤκιμον
508 1347 653 1410 meretrix
679 1346 789 1410 Athen
819 1345 896 1412 Xlll.
923 1347 994 1414 587.
1022 1347 1274 1432 (3.1ὶιμνόοιον,

168 1444 328 1531 Ἠοίων,
343 1441 530 1525 Κωνώπιον,
548 1439 758 1526 Κρουμότιον,
783 1441 983 1526 Φιλημάτιον.
992 1447 1023 1487 ²⁶
1051 1447 1118 1513 Sed
1134 1449 1274 1515 laomim

172 1549 351 1614 liuraenam
379 1548 410 1606 et
436 1557 526 1622 quom
546 1541 618 1604 huie
639 1542 807 1622 adjungrmt
829 1544 968 1623 Sergium
991 1543 1124 1611 Oratam
1145 1565 1166 1611 a
1185 1550 1278 1630 pisci·

172 1647 233 1713 bus
254 1658 367 1707 nomen
388 1641 550 1721 accepisse
572 1641 632 1703 elsi
654 1646 836 1704 asseverant
853 1656 917 1704 non
943 1640 1100 1720 ignobiles
1131 1652 1279 1726 auctores,

175 1750 278 1811 tamen
307 1738 432 1802 dubium
459 1735 558 1800 reddit
586 1745 723 1801 veterum
750 1739 783 1800 iu
803 1737 1073 1803 comminiscendis
1096 1742 1281 1822 appellatio-

174 1855 247 1909 aum
264 1837 368 1902 causis
388 1826 504 1899 leuitas
516 1834 714 1918 incredibilis,
733 1840 821 1915 cujus
837 1837 996 1918 specimen
1013 1838 1149 1916 praebet
1161 1840 1281 1905 llaero-

174 1938 245 2003 ltius
268 1937 333 1999 Sat.
355 1934 376 1997 l
396 1933 426 2015 6,
447 1932 518 1997 231.
544 1934 661 1996 Asinae
683 1940 714 1997 et
735 1936 866 1999 Scrolao
896 1949 1008 1997 noman
1036 1933 1217 2003 edisserens
1242 1940 1280 2004 cl.

176 2035 255 2103 Plut.
278 2031 353 2097 Sull.
375 2047 401 2097 c.
422 2030 457 2094 ll.
480 2035 511 2094 et
533 2029 615 2111 quod
636 2031 728 2111 alpha
748 2047 812 2095 non
832 2030 960 2095 insolita
980 2036 1029 2095 est
1044 2036 1280 2101 masculinorum

177 2131 346 2213 appellatio
361 2129 481 2213 scriba,
503 2144 626 2209 scurra,
648 2126 758 2211 lixa,²⁷
778 2129 902 2211 sculna,
922 2146 1021 2212 nepa,
1041 2147 1159 2216 verna,
1179 2135 1282 2214 gumia,

178 2228 309 2312 hibrida,
332 2227 442 2310 ocella,
463 2225 581 2309 rabula,
602 2228 700 2290 racia
740 2226 795 2291 llis
817 2244 891 2289 vero
908 2235 1123 2297 consentanea
1144 2238 1216 2299 suat
1229 2247 1281 2295 au·

180 2327 376 2409 drouymica,
401 2343 480 2408 quae
501 2341 569 2390 eum
591 2324 788 2389 animantium
809 2325 969 2389 vocabulis
991 2326 1063 2390 solo
1084 2344 1203 2407 genere
1221 2329 1283 2393 dis-

180 2433 325 2510 crepant,
355 2425 471 2505 Capra,
501 2421 682 2504 Cornicula,
712 2422 845 2503 Merula,
874 2424 973 2506 Mula,
1000 2425 1135 2508 Musca,
1150 2428 1285 2510 llostelu,

179 2525 312 2604 Noctua,
326 2522 408 2601 Pica,
424 2521 544 2601 Scrola,
557 2520 668 2600 Vacca,
685 2519 796 2601 Vespa,
809 2521 921 2598 quibus
937 2523 1073 2602 speeiem
1087 2525 1218 2591 similem
1231 2526 1287 2591 da-

181 2623 256 2688 beut
276 2617 452 2700 germanica
473 2616 570 2696 Geras,
596 2617 709 2697 leude,
727 2617 836 2681 Hence
849 2627 880 2681 at
893 2620 1115 2700 lraneogallica
1128 2624 1165 2686 to
1181 2624 1285 2703 Coitle,

183 2719 364 2794 latooette,
386 2713 542 2790 Lodiede;
565 2720 596 2777 et
610 2716 782 2779 communia
796 2717 910 2796 plantis
928 2719 1006 2786 Bata
1017 2719 1106 2784 Phot
1120 2719 1210 2788 CXC.
1221 2721 1287 2787 251.

184 2817 302 2898 Cicuta,
324 2814 469 2895 Laetuea,
491 2829 582 2875 uuum
604 2812 767 2878 arboreum
787 2822 821 2879 ut
842 2816 957 2880 Plinius
980 2817 1162 2882 observarit
1183 2819 1288 2899 physi-

186 2931 293 2984 oorum
313 2912 543 2993 literatissimus
569 2911 603 2980 L.
624 2911 686 2975 XV.
708 2912 761 2977 ult.
790 2916 886 2975 onius
913 2913 1067 2978 ardorum
1094 2912 1212 2981 toarno
1239 2919 1289 2981 tu-

186 3016 256 3079 tioe
284 3013 395 3091 linquo
420 3025 535 3075 nomen
562 3011 737 3090 impertitur
760 3011 882 3089 ciris,²⁸
908 3027 970 3094 quo
998 3027 1061 3075 non
1090 3012 1288 3083 donronrun

195 3162 477 3179 Μ

252 3254 299 3321 25)
322 3251 427 3309 Κόττος
449 3251 558 3306 tortasse
588 3255 628 3306 est
646 3265 770 3317 graecum
792 3264 886 3304 nomon
904 3250 974 3318 qruod
997 3248 1107 3311 Κόσσος
1123 3255 1291 3322 eonditum

186 3337 268 3392 κόιιο
289 3336 459 3391 derivativum
475 3340 503 3392 ut
520 3333 697 3390 Schneiderus
714 3336 740 3385 in
758 3332 821 3387 Lex.
842 3336 1003 3400 suspicatur,
1022 3335 1064 3388 vel
1083 3349 1101 3391 a
1118 3334 1221 3396 κόπος.

256 3435 302 3503 26)
327 3435 381 3502 llis,
401 3449 509 3503 quorum
527 3433 683 3501 appellativa
701 3435 796 3499 extant,
814 3432 900 3502 aptius
918 3444 980 3486 usus
998 3437 1071 3488 esset
1088 3447 1168 3504 qum
1179 3434 1292 3503 Glycerii

187 3524 308 3587 nomine,
329 3520 398 3591 quod
417 3521 465 3573 nisi
484 3519 588 3588 proprie
608 3529 660 3571 uon
675 3512 777 3568 docitur.

254 3619 301 3686 27)
325 3618 398 3679 Quae
422 3616 523 3670 Phocus
546 3616 580 3669 ll.
604 3615 662 3671 324.
684 3612 727 3668 od.
751 3609 825 3667 lind.
850 3611 922 3667 addit
945 3617 1125 3684 praetermisi,
1159 3618 1223 3686 quia
1253 3620 1294 3670 aut

188 3716 284 3771 graeca
302 3705 376 3767 sunt,
402 3704 430 3752 ut
454 3713 539 3764 pope,
564 3703 608 3751 aut
636 3697 780 3763 composita
804 3701 848 3748 aut
880 3700 985 3762 penoris
1016 3700 1168 3755 eommunis.
1212 3699 1293 3769 verpa

189 3786 299 3841 lortasse
319 3791 359 3839 est
377 3796 499 3849 praeeram
520 3780 600 3848 ἕρποι·
615 3780 734 3846 serpula3
752 3792 809 3832 nam
827 3779 872 3834 iila
889 3793 949 3847 pars
966 3794 1062 3847 graece
1079 3777 1171 3848 σαόρα
1192 3782 1292 3847 dicitur,

189 3874 216 3926 et
233 3871 259 3921 in
277 3869 363 3923 Gloss.
383 3865 475 3936 δρῖλος
492 3860 659 3929 (inminens)
677 3863 813 3929 exponitur
829 3876 908 3928 verpe
926 3867 953 3920 et
984 3878 1083 3931 serpae
1119 3861 1205 3921 omn
1217 3867 1293 3921 etiam

188 3951 306 4007 udulro
322 3948 416 4003 atalia
432 3960 517 4017 aeque
532 3948 648 3999 incertae
665 3945 894 4012 interpretationis.

253 4037 299 4105 28)
325 4037 400 4100 Quae
418 4036 486 4092 Faus
504 4033 584 4101 (Βόα)
602 4036 630 4089 ln
647 4032 791 4089 Commeat.
817 4048 863 4088 sar
887 4034 912 4089 la
929 4033 1044 4107 hotauiq.
1060 4035 1095 4094 de
1111 4030 1182 4091 rim
1200 4038 1219 4090 l.
1236 4036 1292 4092 278

189 4119 278 4178 eontra
294 4120 364 4177 huuc
382 4119 456 4176 allert
475 4117 607 4183 Vmoeiu,
628 4118 704 4182 Pico,
721 4115 824 4184 cim,
842 4115 940 4175 drusi
957 4123 1019 4177 root
1036 4121 1153 4187 gerrem.
1192 4119 1247 4177 Sed
1263 4120 1292 4174 ll
