2648 4756
196 326 269 397 m
544 316 873 387 husshuuhulo
902 318 951 387 lt.

195 499 245 558 ost
271 489 303 551 im
327 484 637 551 thimotiani.
668 488 699 561 ς.
727 486 757 549 ’4.
792 498 857 549 nou
884 485 944 549 huo
970 486 1091 550 rationo
1124 495 1197 550 orta
1229 505 1301 554 esso

195 589 339 667 arbitror,
360 599 452 665 quam
472 584 521 646 vir
537 586 680 665 egregius
701 590 811 666 tuetur,
829 583 886 648 scd
899 584 1059 666 simplicia.
1089 584 1196 664 ioque
1210 603 1300 651 unum

191 686 267 751 illud
288 684 486 764 relinquitur,
506 682 590 764 quod
611 683 727 747 directe
749 682 788 747 ed
807 682 895 745 iidem
916 688 1054 764 spectat,
1074 684 1218 761 λασῑνος,
1243 703 1300 748 ιο-

193 784 336 850 cahulum
357 782 513 846 exoletum
534 787 566 844 et
586 780 716 865 denum,
737 786 827 863 cujus
847 797 910 843 nou
928 781 1028 844 euris
1046 788 1145 845 estut
1163 782 1297 848 Graecos

192 885 319 950 nomina
346 880 448 944 ciuilia
477 879 680 960 omnibusque
714 882 786 943 trita
807 878 992 952 Μνασίνους
1019 879 1110 943 Peos.
1135 881 1296 964 11.22,o.

192 983 379 1055 Μαπίνους
406 978 509 1044 Schol.
530 979 603 1057 hyc.
623 978 694 1044 481.
716 986 774 1043 etc.
800 978 841 1042 ad
868 978 948 1041 hanc
982 979 1109 1042 formum
1139 981 1297 1062 redegisse

192 1091 352 1164 putemus,
387 1092 479 1158 quum
514 1076 697 1157 praesertim
730 1076 840 1141 crebra
871 1076 934 1138 sint
962 1084 1142 1142 attenuatae
1175 1080 1296 1145 ultimae

192 1179 343 1261 exemplu,
370 1174 527 1257 Πελιιιθος,
539 1170 689 1248 ’Ἀλκιλὶος
707 1175 814 1254 Polyb.
836 1174 966 1238 xxviii
983 1174 1031 1238 16.
1057 1175 1188 1251 Oldlxog
1208 1179 1295 1241 ,luth

188 1279 253 1344 vll.
265 1276 336 1343 429.
356 1268 502 1347 dinosco
521 1275 589 1338 siue
609 1266 758 1346 ἀελλόπος
776 1290 804 1336 ι.
817 1273 928 1336 Perall.
942 1271 1013 1337 250.
1032 1274 1064 1336 in
1080 1276 1168 1339 nullo
1188 1285 1288 1341 autem

189 1376 311 1442 nocahs
338 1372 491 1455 producta
518 1370 704 1454 apposite
743 1370 809 1434 Nec
835 1371 902 1434 reri
927 1370 1028 1436 simile
1057 1380 1108 1437 cst
1138 1375 1294 1440 Platonem

190 1473 284 1543 modo
305 1465 425 1554 ἇγιῑνοι
444 1470 624 1552 scripsisse,
644 1467 729 1551 quod
748 1467 907 1532 hohheim
928 1470 961 1533 in
982 1470 1108 1536 Theaet.
1129 1490 1160 1554 p.
1180 1474 1249 1538 144.
1262 1477 1292 1538 ll.

190 1591 209 1640 e
230 1573 352 1639 duohus
373 1567 463 1635 codd.
484 1570 611 1649 ascivit,
631 1565 725 1631 modo
747 1558 883 1646 ἀγχίνοι,
905 1566 989 1647 quod
1009 1568 1089 1633 idem
1109 1572 1143 1634 in
1164 1572 1229 1637 Ciu.
1251 1574 1292 1636 ll.

189 1670 262 1737 50³.
284 1668 318 1731 (λ
340 1673 372 1730 et
394 1668 427 1729 in
447 1666 535 1730 Phot
555 1665 633 1730 Blhl.
657 1662 811 1729 ccxxix
833 1664 904 1728 432.
928 1666 1050 1747 reliquit
1071 1670 1238 1754 intactum,
1266 1681 1292 1735 ct

189 1768 302 1846 legitur
322 1765 449 1845 saepius
469 1761 596 1827 hristid.
614 1760 665 1827 οι.
681 1762 732 1826 iil.
751 1760 801 1825 27.
818 1767 877 1826 etc.
909 1763 1059 1844 Equidem
1079 1768 1108 1830 si
1129 1770 1292 1842 Μνασῑιιις

187 1863 387 1943 reperiretur,
398 1878 464 1925 non
476 1860 648 1925 dubitarem
661 1858 846 1940 simplicium
861 1860 892 1923 in
905 1876 1032 1926 numero
1047 1865 1174 1949 reterre,
1196 1868 1292 1932 idem·

188 1977 249 2043 que
265 1958 372 2039 iudico
396 1959 435 2022 de
458 1961 622 2040 Κρατῖνος,
644 1956 728 2037 quod
751 1957 856 2021 Schoh
875 1957 914 2021 ad
928 1960 1018 2025 Dion.
1035 1960 1166 2029 Gramm.
1178 1984 1210 2046 p.
1224 1968 1291 2032 858.

187 2074 382 2141 paronymou
404 2074 477 2121 esse
498 2056 572 2120 dicit
592 2048 656 2118 ἀπὸ
676 2056 736 2118 τοῦ
754 2050 883 2134 κράτος,
906 2065 936 2120 ot
958 2057 998 2121 de
1018 2061 1179 2136 Καλλῖνος.
1215 2065 1290 2129 Nam

186 2156 271 2239 quod
286 2157 490 2220 Terentianus
511 2154 640 2235 elegiaci
661 2157 805 2219 carminis
824 2163 983 2219 auctorem
999 2158 1170 2224 Callinoum
1187 2172 1291 2246 uocat,

185 2272 250 2321 non
265 2261 317 2319 est
330 2261 540 2335 argumentum
560 2252 641 2318 idern
655 2270 768 2319 nomen
782 2254 889 2317 luisse.
924 2252 1051 2319 Graecis
1065 2273 1199 2339 namque
1213 2260 1291 2326 hanc

185 2355 342 2422 licentiam
363 2350 555 2417 consuetudo
580 2351 665 2416 dedit
690 2360 725 2416 ut
750 2353 905 2415 nominum
926 2356 1122 2435 propn'orum
1143 2361 1289 2423 termina-

186 2455 290 2517 tiones
310 2466 429 2529 susque
449 2449 550 2529 deque
569 2448 729 2514 haherent.
770 2450 825 2514 Sic
850 2449 931 2514 idem
957 2450 1048 2515 homo
1061 2448 1212 2536 ’Ἄλκιμος
1232 2474 1288 2522 no-

186 2553 319 2616 minetur
340 2554 370 2610 ct
389 2541 580 2628 Ἀλκιμέδων,
603 2548 682 2612 alius
703 2548 821 2630 Πύθης
841 2556 872 2614 et
891 2550 1060 2631 Πυθοκλῆς
1073 2568 1102 2614 ι.
1118 2554 1237 2621 Siehcl.
1253 2556 1287 2621 ad

48 2645 53 2656 '
184 2649 277 2713 Paus.
299 2646 332 2708 Τ.
354 2644 402 2707 lv.
424 2644 495 2708 328.
522 2644 602 2708 alius
620 2644 749 2728 Ἕρμων
775 2656 807 2711 et
822 2641 1031 2730 Ἑρμοκράτης
1057 2650 1233 2733 Schweigh.
1253 2656 1286 2719 ad

185 2745 255 2809 hth.
272 2743 306 2807 Τ.
323 2742 358 2805 it
371 2739 421 2806 49.
437 2746 526 2821 cujus
541 2743 754 2809 mutabilitatis
768 2747 909 2826 exemplu
923 2748 1073 2810 cumulavi
1088 2751 1121 2811 iu
1134 2753 1283 2836 Aglaoph.

184 2841 255 2909 996.
269 2842 353 2905 auxit
367 2839 515 2903 Lchrsius
531 2840 563 2902 ln
577 2843 672 2906 Arist.
688 2844 758 2907 249.
789 2845 873 2907 Etim
890 2844 950 2907 hcc
964 2847 1036 2926 ipso
1054 2863 1179 2932 genere,
1201 2869 1284 2932 quem

182 2940 409 3007 Demosthenes
424 2943 455 3000 et
468 2938 640 3003 Aeschines
653 2942 824 3005 hnuninum
837 2950 960 3025 uocant,
974 2945 1156 3010 Plutarchus
1171 2950 1282 3016 Vitth

184 3037 331 3103 Oratolh
361 3035 543 3099 Anaxilaum
566 3041 837 3122 transnominauit,
868 3042 919 3104 alii
939 3043 1148 3122 liegcsinoum
1168 3048 1202 3111 iu
1222 3050 1283 3114 lio-

182 3135 333 3214 gesilaum
353 3140 512 3195 uerterunt
532 3152 561 3196 ι.
577 3137 696 3216 hienag.
717 3136 757 3200 ad
776 3139 865 3219 Diog.
882 3138 929 3202 iv.
946 3141 995 3205 tic.
1023 3141 1165 3222 Elpiuenr
1187 3147 1219 3210 im
1232 3148 1282 3212 El·

182 3231 314 3314 piniccm
334 3246 363 3291 s.
378 3229 511 3293 Wesscl.
535 3230 573 3294 ad
593 3232 683 3297 Diod.
702 3235 779 3300 xvi.
800 3236 847 3301 15.
882 3237 1053 3318 Euthynum
1075 3241 1108 3304 iu
1127 3242 1282 3325 Euthyde-

181 3344 263 3395 mum
284 3346 313 3391 ιι.
334 3326 441 3391 Elmsl.
465 3327 504 3391 ad
525 3329 658 3394 Acheru
679 3334 804 3411 Argum.
840 3335 905 3398 llac
932 3337 1026 3416 igitur
1050 3343 1174 3407 ratione
1204 3348 1282 3410 alliu·

181 3444 266 3495 usuro
286 3426 360 3491 hcet
380 3427 558 3502 Kamoogtt
578 3435 609 3491 et
631 3430 820 3508 maincove,
848 3434 908 3496 etsi
935 3436 1063 3500 arbitrio
1085 3442 1280 3507 scribentium

179 3529 212 3592 im
232 3543 323 3590 uuum
343 3526 459 3589 collata
478 3526 540 3589 sint
561 3525 729 3610 hominem,
761 3538 862 3594 tamen
888 3548 951 3596 non
979 3534 1078 3598 forma
1106 3539 1210 3604 solum
1237 3541 1279 3605 di-

243 3729 275 3796 9)
295 3726 413 3791 'hoines
438 3724 595 3794 dactylicum
619 3729 646 3781 ln
664 3730 773 3785 loannis
799 3732 932 3789 Geometr.
951 3732 980 3788 C.
1000 3736 1030 3790 V.
1049 3738 1110 3794 447.
1131 3740 1164 3794 Α.
1186 3749 1214 3799 et
1228 3762 1279 3795 noa·

180 3811 306 3877 κλλοχρος
322 3809 357 3865 ll.
377 3808 436 3865 itt.
455 3808 487 3863 Α.
504 3810 538 3864 oh
551 3810 677 3865 mitterem
695 3816 1002 3885 auctorispruetcrmls15
1020 3822 1143 3882 lictoris
1155 3830 1278 3883 extenuo.

181 3894 251 3946 nnrit
266 3892 422 3961 Spitauerus
440 3890 587 3949 Observatt.
608 3895 635 3946 in
653 3895 739 3958 Quint.
759 3910 784 3964 p.
806 3899 862 3954 173.

244 3974 274 4041 9)
296 3974 450 4031 wolckerus
468 3979 495 4031 in
513 3976 608 4031 Adnot.
628 3976 662 4031 sd
678 3977 844 4035 Schwenchil
869 3982 980 4050 Etynol.
999 3998 1025 4055 p.
1043 3985 1102 4043 334.
1132 4001 1166 4044 ex
1190 3990 1277 4043 xam-

178 4056 251 4114 tercc
269 4059 403 4112 concisum
420 4057 492 4126 dicit,
513 4062 554 4114 cui
578 4062 665 4117 slmtlo
683 4062 818 4135 Φιλιλιλρα
836 4067 853 4118 i.
875 4079 900 4120 e.
919 4065 1028 4135 Φιλύρα
1051 4066 1125 4125 finxit
1150 4073 1178 4126 in
1200 4072 1277 4126 Noet-

179 4148 238 4205 urcg
252 4152 300 4192 sor
319 4140 417 4205 πίλου.
434 4156 460 4209 p.
478 4142 520 4198 53.
558 4141 666 4201 Graccis
684 4144 753 4203 hacc
770 4149 860 4214 ignota
875 4153 945 4206 suut.
