2648 4756
163 296 234 363 aas
321 374 327 381 ,
510 289 846 359 nissanrnnro
875 288 925 357 ιι.

165 468 215 525 tur
235 463 268 523 ut
288 472 479 537 exponamus
502 457 690 537 progeniem.
726 454 883 522 hdvorhia
905 454 1046 537 equidem
1064 454 1147 519 nulla
1164 457 1271 537 reperi

164 562 289 642 praeter
308 548 513 637 εὐφροσύνας
535 555 671 637 Theogn.
687 554 756 621 nou.
774 561 805 621 ot
818 550 1008 637 γηθοσύνας
1027 554 1060 619 in
1071 554 1269 636 Hippocratis

163 656 262 737 Epist.
284 652 324 717 ad
351 655 554 734 Damagetum
580 660 719 719 extrema
745 671 776 734 p.
796 652 845 719 24.
867 652 950 733 (814.
969 653 1020 735 Κ.)
1049 652 1102 717 uhi
1130 653 1163 716 in
1183 652 1269 719 oodd.

163 748 345 837 ρῃβύσιπνος
373 760 405 817 et
429 748 595 835 νηδύσονα
622 753 772 834 seriptum
797 758 856 817 est.
889 750 1140 833 Comparationis
1161 751 1193 814 in
1212 751 1271 815 hoo

162 868 278 934 genere
304 852 468 932 uestigium
495 851 610 915 nullum
639 857 786 932 apparet;
820 850 985 931 positionis
1018 850 1186 915 femininae
1213 867 1271 916 non

163 950 268 1015 multa.
311 949 402 1032 Apud
429 950 594 1015 Homerum
621 948 744 1031 quidem
773 948 829 1014 0d.
849 949 899 1013 xi
920 948 991 1015 sto.
1012 942 1100 1031 ψυχὴ
1119 949 1271 1015 Αἰακίδαο

163 1048 260 1133 φοίτα
281 1044 463 1131 γηθοσύνῃ,
491 1046 632 1112 nonnulli
657 1042 822 1130 γηθοσύνῃ
847 1048 1042 1129 scripserunt
1066 1044 1163 1129 χωρὶς
1183 1046 1271 1115 τοῦὶ

162 1148 247 1213 Harl
266 1146 461 1229 improbante
489 1149 557 1213 sine
578 1145 671 1210 dnhio
692 1147 902 1228 Aristophane
923 1147 976 1229 qui
996 1147 1029 1209 in
1049 1146 1083 1211 ll.
1105 1147 1182 1211 iiiii.
1204 1147 1269 1213 129.

163 1242 331 1330 ρῃθοσύνῃ
351 1241 385 1310 δὲ
403 1241 548 1311 θάλασσα
568 1243 705 1309 διίστατο
725 1244 809 1309 addit
829 1262 888 1329 pro
908 1239 1082 1329 γηθοσύνῃ,
1104 1245 1194 1328 idque
1205 1246 1269 1310 lle·

164 1345 313 1413 rodianus
330 1351 430 1409 ratum
445 1344 553 1409 hahuit
570 1352 739 1426 propterea
758 1342 843 1426 quod
862 1343 945 1426 apud
960 1342 1128 1409 Homerum
1143 1344 1267 1427 pintima

165 1444 309 1527 legantur
328 1443 524 1509 substantiva
544 1440 758 1526 δρηστοσύνῃ,
782 1439 971 1527 κερδοσύνη,
991 1440 1192 1526 μαχλοσύιη,
1213 1442 1269 1521 ξει-

164 1540 294 1628 νοσύνη,
315 1537 531 1625 unammiter]
552 1540 646 1623 (addo
659 1537 844 1625 βριθοσύνῃ,
866 1537 1052 1625 δουλοσύνῃ,
1072 1538 1269 1625 δαιτροσύνη,

165 1639 340 1724 ἱπποσύνῃ,
361 1637 554 1723 ταρβοσύνῃ,
574 1636 743 1725 τοξοσύνῃ)
765 1642 928 1723 ipsumque
949 1636 1115 1725 γηθοσύνῃ
1137 1644 1271 1726 saepius,

164 1759 224 1807 neo
248 1756 321 1804 raro
345 1734 538 1823 ponderosos,
566 1739 623 1805 sed
654 1740 855 1805 maseulinum
875 1740 986 1823 modo,
1012 1756 1075 1805 uon
1095 1736 1268 1824 γηθοσύνη.

163 1838 324 1903 Valentius
345 1838 406 1902 hoe
427 1838 508 1903 ieret
529 1846 739 1919 argumentum
759 1830 893 1923 siouhie}
911 1833 1092 1922 γηθόσυνος
1108 1840 1270 1921 legeretur.

165 1936 228 2003 Sed
250 1936 375 2001 omnino
398 1944 492 2018 poeta
514 1936 575 2001 hoo
596 1935 749 2017 adjectivo
771 1953 834 2001 non
856 1952 969 2021 saepe,
995 1938 1065 2001 eliis
1091 1937 1164 2003 hnio
1184 1941 1272 2005 simi-

163 2034 244 2099 lihus
274 2050 428 2116 nunquam
457 2052 533 2099 usus
565 2041 624 2099 est.
650 2036 730 2099 Vere
761 2042 862 2100 tamen
889 2035 942 2100 iile
969 2037 1183 2117 pronnnoiarit
1210 2039 1271 2102 hoo

162 2149 262 2215 genus
282 2130 333 2197 ἐπὶ
352 2130 388 2197 τὸ
407 2134 515 2196 πλεῖον
541 2149 605 2199 non
631 2136 759 2200 mereri
791 2135 825 2198 in
845 2135 882 2199 ii.
896 2134 932 2199 H.
951 2135 983 2197 in
996 2134 1055 2215 hp.
1078 2132 1147 2199 137.
1166 2138 1270 2224 χρυσῷ

162 2232 270 2315 Δῆλος
290 2227 396 2296 ἅπασα
415 2232 549 2314 βεβρίθει
569 2228 785 2316 γηδοσύνῃ-
801 2233 1027 2298 substantivum
1040 2232 1189 2299 substitui
1210 2253 1270 2318 po-

164 2338 242 2415 test,
271 2338 430 2413 totumquo
450 2348 574 2395 versum
594 2332 768 2396 interclusit
787 2332 989 2397 hermannus.
1025 2330 1203 2399 Proximum
1224 2340 1270 2399 ost

20 2426 25 2439 '
162 2424 374 2515 εὐφροσύναις
398 2422 521 2503 ἀοιδαῖς
548 2429 633 2495 Pind.
654 2431 703 2495 Fr.
722 2430 826 2495 Parth.
849 2430 885 2494 ii
907 2446 935 2495 n.
957 2429 1006 2513 63,
1025 2428 1120 2497 692.2
1141 2438 1174 2495 ot
1202 2426 1270 2495 ιιιύ-

161 2544 249 2592 νεσσι
269 2523 474 2601 δεσποσύνοις
493 2528 580 2609 Pyth.
602 2530 651 2594 iv.
671 2528 742 2595 476.
770 2529 822 2592 ubi
848 2527 933 2592 nulia
959 2535 1007 2592 est
1033 2528 1183 2593 librorum
1205 2530 1271 2595 dis-

163 2628 280 2690 sensio.
311 2625 454 2690 Cratinus
475 2626 498 2689 F
500 2644 522 2690 r.
543 2626 645 2691 LXIX
666 2626 738 2691 89.³
765 2622 870 2704 Ἥραν
890 2621 922 2689 τέ
943 2624 974 2689 οἶ
991 2619 1161 2691 Ἀσπασίαν
1181 2629 1270 2691 τίκτει

161 2719 438 2806 ααταπιηοσύνῃν,
461 2725 521 2788 nisi
542 2720 783 2806 καταπυγοσύνη
804 2725 940 2805 soripsit.
968 2725 1059 2806 hpud
1082 2727 1269 2807 Aeschylum

161 2822 247 2888 Pers.
259 2822 323 2887 520
337 2822 436 2904 (586.)
450 2817 687 2887 δεσπόσυνοισιν
706 2816 856 2904 ἀνάγκαις
877 2826 967 2904 pauoi
986 2824 1161 2888 homininum
1175 2843 1269 2905 prae-

162 2922 247 3005 bent,
260 2920 419 3002 aliquanto
436 2921 541 3000 plures
555 2922 627 2985 Eur.
641 2922 714 2986 lieo.
730 2921 779 3007 QG.
795 2918 850 2997 τὰς
869 2918 1062 2997 δεσποσύνας
1077 2919 1196 3004 σκηνάς
1214 2941 1268 3005 pro

160 3022 287 3100 uulgato
303 3014 547 3097 tieeemedoove,⁴
574 3019 715 3100 idemque
737 3021 768 3084 in
788 3022 867 3086 Plut.
885 3022 919 3085 V.
933 3022 1006 3101 διο.
1023 3038 1049 3087 ο.
1064 3022 1167 3087 xviii.
1190 3040 1269 3087 nuno

162 3132 218 3199 pro
248 3111 441 3189 δεσποσύνας
467 3121 643 3181 restitutum
670 3126 727 3184 est.
761 3120 926 3184 Numerum
951 3126 1044 3199 auget
1071 3122 1176 3185 schol.
1198 3123 1268 3188 Eur.

163 3212 215 3279 0i.
238 3211 327 3277 1371.
348 3210 542 3288 καλλοσύνας
563 3210 699 3299 (Λήδας)
720 3213 790 3281 ἀντὶ
809 3219 867 3282 τοῦ
887 3216 1158 3302 περικαύδαστάτῃς
1178 3228 1210 3285 et
1232 3219 1269 3284 ad

160 3329 189 3376 v.
212 3309 302 3377 1376.
324 3308 481 3395 ἱπποσύνῃ
506 3312 688 3393 Δαρδανία,
716 3316 773 3380 sed
799 3303 915 3381 re'otius
943 3316 994 3379 aiii
1022 3324 1185 3400 utrumqne
1212 3336 1267 3401 pro

159 3410 356 3475 substantivo
379 3411 551 3495 aooipiunt,
579 3411 662 3493 quod
689 3429 788 3493 genus
816 3414 1037 3479 voeabuiorum
1059 3434 1135 3498 prae
1156 3419 1267 3481 ueteris

161 3508 306 3590 trequens
327 3508 484 3591 Euripidi:
511 3502 685 3594 ἁβροσύνῃ,
707 3504 931 3597 ἀγνωμοσύνη,
953 3506 1166 3600 ἀμνημοσύνη,
1187 3510 1266 3580 ἀπει-

223 3773 252 3840 2)
270 3772 369 3827 suoru.
387 3770 452 3827 XlV.
471 3772 495 3830 9.
519 3770 597 3843 φωνὴ
616 3771 787 3845 εδφρύσννος
802 3776 862 3833 cod.
878 3776 1056 3849 εύφροσύνης,
1076 3780 1147 3850 quod
1162 3787 1190 3839 et
1204 3782 1266 3837 illue

157 3857 288 3908 convenit.

226 3936 255 4003 3]
274 3937 302 3991 Τ.
321 3938 343 3991 1.
363 3952 389 4005 p.
409 3938 466 3995 tte.
487 3936 529 3993 ed.
547 3936 662 3997 hioineh.

100 4078 103 4082 Α
225 4018 256 4085 d)
273 4019 430 4084 Δεοποοσνη
448 4020 573 4081 Matthiae
590 4038 729 4094 perperam
742 4029 896 4097 aequiparat
914 4044 972 4085 cum
990 4029 1146 4103 θηροφόνη,
1164 4032 1198 4091 de
1215 4048 1266 4103 qno

152 4098 301 4155 Brunehius
323 4100 447 4169 loquitur.
