2648 4756
167 326 215 396 aa
475 338 485 357 ·
532 317 857 389 nissen-ramo
890 317 912 382 ι
1030 268 1034 277 ’

166 493 300 557 hnuntur
327 495 361 554 nt
387 488 508 570 Μειιτη
534 488 645 552 Nereis
673 492 704 550 et
731 482 834 549 insula
861 481 1002 564 hhicae,
1030 479 1185 544 Μειιοεια
1204 477 1268 543 urhe
1311 474 1313 479 ’

168 587 365 670 Thessaliae,
387 582 523 670 Κορώνη
544 587 728 668 Messeniae,
749 578 914 664 Κορώνεια
932 580 1097 662 Boeotiae,
1120 578 1267 641 fortuitu
1307 657 1309 666 Ι

167 692 226 766 est,
247 702 347 767 neque
369 687 442 749 seiri
464 687 537 749 lieet
561 684 634 766 qnid
655 702 694 748 ex
715 699 777 765 qno
801 688 901 746 ortum
928 682 970 744 sit
996 678 1059 743 nisi
1090 693 1156 758 qna
1178 675 1266 758 poeti-
1315 674 1317 703 ¹

167 799 223 848 eae
245 784 495 866 interpolationis
510 785 642 864 vestigia
656 783 800 864 gliscunt.
836 776 1269 862 appellativaautemsiqnis
1306 770 1317 813 ¹

167 882 307 963 proterat
328 880 479 964 duplicem
501 884 628 946 lormam
642 883 764 960 sortita,
786 874 844 960 aaa
868 913 903 923 -
927 873 1011 940 ἄιεια
1031 869 1053 958 ἡ
1076 875 1187 959 πορεία
1206 874 1271 938 iles
1312 872 1316 912 ¹

166 980 246 1044 huia
267 989 297 1045 et
319 983 412 1044 attice
432 981 537 1044 domic
556 980 621 1045 nn.
643 988 702 1044 etc.
724 978 835 1042 Parall.
856 974 926 1040 322.
955 975 1032 1038 haee
1060 973 1272 1054 synaloephen
1312 969 1317 1013 ⁵

168 1076 247 1142 adeo
268 1095 331 1142 non
354 1079 557 1160 comprobant
584 1084 617 1143 nt
646 1079 766 1143 lacilius
788 1073 910 1140 credam
932 1090 970 1136 ea
990 1088 1071 1153 quae
1096 1071 1273 1154 perplures
1308 1068 1317 1109 ²

168 1177 307 1258 syllabas
329 1176 508 1259 decurrunt,
536 1175 769 1240 abreviarihus
791 1173 929 1236 derivata
948 1188 1021 1235 esse
1042 1188 1140 1252 quarn
1162 1177 1273 1250 cenna,
1309 1168 1317 1211 l

167 1277 229 1340 nisi
251 1278 331 1340 lorte
354 1293 411 1340 sna
433 1277 554 1356 utrique
569 1280 618 1337 est
633 1280 664 1337 et
679 1274 806 1354 propria
821 1272 918 1351 origo.
960 1268 1050 1345 Quod
1064 1278 1181 1353 restat,
1201 1271 1273 1352 apud

167 1373 423 1439 nondumne.
452 1368 656 1453 παροξύνεται
681 1368 718 1435 ιο
746 1368 876 1453 raupa
902 1364 1002 1449 οαορ
1028 1364 1065 1431 aa
1093 1362 1199 1454 arom
1227 1367 1272 1434 aa
1314 1348 1317 1409 ἕ

167 1467 291 1555 αααάγη
322 1463 344 1554 ἦ
371 1463 451 1553 ἁγνὴ
480 1467 588 1550 ἱέρεια,
622 1470 775 1535 hlainekic
805 1464 928 1550 πανάγη
956 1467 1135 1532 emendanti
1163 1469 1271 1550 Fragrn

169 1571 254 1637 Com.
275 1571 311 1635 ll.
332 1569 402 1635 421.
431 1585 520 1632 nemo
544 1570 602 1632 erit
624 1570 697 1650 quin
719 1565 880 1650 accredat‚
909 1566 965 1631 sed
987 1565 1071 1647 qnod
1094 1566 1182 1631 addit
1201 1567 1271 1633 hano

170 1670 298 1734 termam
320 1685 384 1731 non
404 1668 501 1732 videri
523 1669 613 1733 aliter
634 1665 782 1746 explicari
804 1682 901 1750 posse
923 1666 983 1728 nisi
1010 1671 1044 1729 ut
1066 1682 1109 1728 ex
1128 1662 1273 1749 καοάγαα
1313 1664 1316 1671 “

171 1773 335 1832 contracta
356 1783 427 1830 esse
449 1769 641 1830 existimetur
659 1761 912 1846 quemadmodum
925 1758 990 1846 ιέρη
1011 1760 1169 1848 exitque,
1192 1768 1273 1848 eqni.

170 1864 238 1930 dem
261 1865 487 1929 substantivum
515 1865 589 1928 illud
618 1881 657 1928 ex
685 1863 837 1943 adjectivo
858 1857 1125 1945 aavdppgnatum
1148 1866 1273 1929 arbitror

169 1972 204 2030 nt
223 1959 385 2045 παντάρβη
409 1970 439 2026 οι
458 1959 598 2046 αανάκη,
635 1962 718 2043 qued
746 1977 784 2025 en
812 1957 964 2025 πονοὶκεια
984 1971 1183 2028 contractum
1208 1981 1272 2029 esst
1312 1963 1316 2004 ³

169 2064 242 2129 mihi
270 2060 459 2143 persuadere
488 2079 550 2126 non
577 2077 715 2143 possum.
759 2053 838 2141 Ἵὲρη
858 2061 926 2140 ipse
948 2061 1036 2124 attuli
1057 2062 1089 2126 in
1113 2062 1271 2145 procedosi
1302 2058 1316 2143 ᾖ

171 2178 210 2225 ex
237 2161 315 2227 Plnt.
344 2163 392 2224 hn
421 2160 488 2223 seni
516 2176 597 2239 resp.
618 2159 721 2222 XXIV.
746 2156 813 2222 131.
844 2158 876 2221 T.
897 2158 959 2222 llll.
987 2158 1040 2221 uhi
1068 2170 1271 2226 memorantur
1302 2148 1316 2203 ’1

169 2261 288 2325 Dianae
312 2257 494 2324 sacerdotes
515 2256 669 2337 Ephesiae
684 2255 853 2319 Vestalium
874 2256 934 2318 ritu
956 2272 1056 2321 annos
1072 2261 1212 2323 muneris
1228 2260 1270 2324 in-
1303 2252 1314 2341 ἔ

171 2366 218 2425 ter
239 2356 433 2438 discendnm,
462 2354 611 2435 agendum
634 2359 665 2416 et
686 2352 857 2416 docendum
879 2354 1011 2434 partitae
1038 2355 1175 2440 ideoque
1203 2375 1271 2441 pro·
1302 2350 1316 2419 3

106 2489 117 2539 .·
170 2459 247 2540 priis
264 2455 440 2519 nominibus
457 2450 621 2514 distinctae
641 2446 788 2532 μελλιέρη,
811 2446 885 2533 ιε’ρη,
907 2448 1046 2536 cupidae,
1068 2462 1100 2518 et
1119 2464 1273 2537 oxytonon
1302 2444 1316 2495 ²³

172 2556 233 2633 legi
255 2552 376 2633 quidem
391 2550 534 2627 Χαρίτων
556 2548 755 2630 (Gratiarum)
778 2544 843 2632 ἱερή
862 2551 953 2615 hnth.
974 2552 1035 2616 Vll.
1057 2569 1086 2617 n
1102 2553 1174 2619 233.
1196 2550 1274 2637 iapo'a
1303 2540 1316 2605 l'

170 2643 230 2733 τὴν
257 2642 369 2728 ἱέρειαν
399 2641 534 2708 Πλάτων
557 2647 673 2711 hnecd.
699 2647 792 2711 Bell.
815 2666 844 2729 p.
868 2647 935 2732 100,
956 2649 984 2714 9.
1016 2666 1172 2732 nunquam
1204 2671 1272 2720 vero
1302 2648 1311 2689 ¹

172 2748 239 2831 ιερᾶ
259 2753 312 2812 ant
333 2744 399 2827 ιαρῆ
420 2751 453 2808 ut
473 2745 658 2809 Buttmanno
680 2745 831 2827 placebat.
873 2747 981 2828 Neque
997 2750 1098 2814 simile
1114 2767 1189 2816 esse
1202 2759 1271 2835 puto
1304 2746 1315 2788 ¹

1305 2846 1315 2889 ι

171 2936 469 2953 -——-—-

172 3070 223 3114 uec
247 3056 300 3110 dici
323 3060 410 3123 potest
435 3058 492 3109 ntra
515 3052 596 3107 torma
622 3054 657 3107 sit
680 3054 758 3122 prior.
792 3053 865 3109 llaec
889 3054 1120 3123 paraschematista
1147 3067 1216 3117 snnt.
1248 3061 1274 3118 sl
1308 3072 1315 3087 '·

172 3156 236 3197 vero
254 3137 315 3192 nrhs
333 3153 349 3192 a
365 3140 456 3205 regina
474 3137 573 3205 hpame
592 3135 757 3190 denominata
771 3135 905 3204 Ἀπάμαν
924 3137 1031 3205 dicitnr,
1057 3139 1274 3200 denominatim
1308 3150 1315 3183 ἲ

173 3230 215 3280 ast
231 3228 259 3275 nt
278 3237 294 3277 a
310 3220 425 3275 Laodice
442 3218 599 3277 Λαοδίκεια,
619 3234 634 3272 a
654 3219 822 3287 Phaenagora
833 3220 1025 3290 ψοιναγόρεοα
1043 3225 1112 3277 siout
1127 3226 1160 3279 ah
1173 3227 1274 3284 hristo·
1308 3238 1315 3282 ι

172 3305 251 3361 loohe
269 3303 380 3372 quadam
397 3303 477 3358 herba
495 3300 684 3370 ἀριστολόχαα
702 3302 790 3356 Schol.
810 3303 887 3358 Ther.
904 3305 962 3360 509.
977 3305 1035 3360 9³7.
1055 3306 1180 3377 aliaeque
1197 3310 1275 3380 ἀχιι.
1310 3352 1314 3365 .

172 3388 241 3447 λεια,
262 3388 383 3455 πέρσεια,
406 3383 544 3455 aptatae,
566 3398 633 3452 qnae
656 3383 749 3439 eadem
767 3381 907 3456 ἦράκλειος
925 3385 1019 3439 dicitnr
1038 3393 1098 3457 typo
1115 3396 1274 3460 possessivo.
1310 3438 1315 3475 1

173 3486 252 3541 quem
277 3468 399 3526 feminina
423 3469 468 3523 illa
491 3469 603 3522 retinent
626 3471 721 3519 mutato
746 3471 864 3522 accentu.
901 3466 946 3522 llis
971 3470 1076 3525 accedit
1099 3479 1275 3537 antonomasia

172 3557 245 3611 velut
261 3557 285 3609 si
304 3553 421 3621 Apamea
439 3550 499 3604 urbs
515 3547 620 3617 'antipa
639 3548 734 3602 dicitnr
751 3552 809 3617 ipso
828 3554 935 3617 reginae
956 3555 1069 3618 nomine,
1093 3560 1122 3607 nt
1134 3556 1278 3626 Ἅμαοιρις

174 3637 228 3691 ἀπὸ
250 3633 429 3703 Ἀμάσιριδος
451 3631 541 3698 Steph.
567 3633 618 3683 alia
639 3630 722 3696 Nysa,
745 3631 797 3684 alia
819 3631 945 3700 Arsinoe,
972 3636 1023 3688 alia
1040 3636 1216 3694 Hermonassa
1235 3639 1276 3693 dni

169 3715 349 3786 Ἑρμωνάοοῃ
367 3713 440 3767 Enst.
461 3711 493 3765 ad
505 3711 580 3765 Dion.
599 3711 657 3766 sta.
677 3712 771 3780 quihus
789 3720 932 3783 comparari
945 3724 1053 3785 possunt
1069 3721 1183 3787 piscium
1194 3737 1275 3778 roca-

173 3800 235 3856 bnla
252 3796 374 3868 περοεύς,
395 3794 508 3863 βάκχος,
534 3800 631 3859 tnrnns,
651 3797 701 3849 nisi
718 3794 786 3852 haec
804 3796 907 3852 inunita
927 3804 968 3854 est
981 3806 1165 3869 spnemptosis.
1202 3807 1274 3869 ono.

173 3881 251 3936 modo
270 3887 357 3935 autem
374 3877 456 3933 herba
473 3875 650 3946 ιιλεξιὶνδρεια
669 3879 701 3932 ah
722 3878 870 3933 Alexandro
888 3894 982 3936 nomen
1000 3886 1118 3953 accepit,
1141 3888 1274 3944 sicaniam

173 3965 249 4032 nubs,
274 3977 325 4017 non
342 3967 371 4016 nt
388 3959 588 4016 Choerchoscus
606 3962 695 4013 statuit
711 3961 745 4015 ll.
769 3962 824 4028 178,
845 3962 883 4018 18.
904 3963 1092 4036 Ἀλεξάνδρεια
1117 3970 1165 4020 καὶ
1181 3969 1273 4022 Ἀντιό-

173 4064 237 4114 χεια
255 4044 285 4096 ἐκ
306 4044 352 4096 τοῦ
365 4040 554 4112 Ἀλεξανδρεύς
572 4043 621 4108 καὶΙ
633 4041 791 4110 Ἀντιοχεῦς.
828 4044 885 4108 Oua
904 4045 938 4102 de
955 4061 985 4104 re
1000 4050 1088 4106 verius
1097 4051 1203 4118 judicat
1213 4054 1272 4110 Ste-

173 4127 274 4195 phallus
293 4140 315 4182 s.
331 4123 528 4195 Ἀλεξάνδρεια,
549 4124 659 4191 Εὔβοια,
680 4125 837 4194 mequomo.
