2648 4756
53 321 107 386 DE
127 319 222 387 NOM.
243 318 410 397 QUORUM
428 317 539 384 CHAR.
559 308 638 421 EST
659 316 877 384 GUTTURAL.
902 319 979 388 ult.
995 331 1024 399 §.
1040 325 1068 391 2.
1096 326 1159 395 313

50 482 186 562 byloniis
208 490 371 566 acceptum
391 481 724 547 diciturrcstimentum
744 479 902 567 κοννάκης
922 487 971 550 vel
991 485 1158 574 ηνυνάκης.

49 582 85 645 lu
103 585 252 647 versione
272 582 436 646 Bibliorum
456 579 679 662 Alexandrina,
701 597 760 643 uec
778 582 866 665 alibi,
894 582 1005 665 legitur
1025 581 1158 672 ἀπακής

50 681 102 744 rel
131 687 166 743 ut
188 682 335 761 Vulgatus
355 679 463 744 scribit
491 684 639 759 attacus,
661 679 802 741 locustae
823 697 939 761 genus3
968 686 1034 748 aris
1056 687 1158 754 indica

48 775 220 862 ῥννὸακής,
242 778 323 861 quod
343 778 453 843 Coruis
476 776 515 841 ed
535 777 614 840 Plut.
627 778 661 840 tt.
682 777 790 839 Artax.
814 794 840 841 c.
861 778 937 843 xil.
959 785 1056 862 magis
1077 803 1156 867 pro.

47 878 106 942 hat
129 897 218 959 quarn
239 874 392 959 ῥυντάκης
413 885 444 941 et
465 870 620 957 ῥυνδᾰκη,
650 875 865 956 celebriusque
887 879 1027 943 omuibus
1046 881 1155 962 μακά.

46 998 115 1058 κης,
139 977 220 1057 quod
235 977 429 1041 Grammatici
444 992 512 1039 eum
529 973 637 1038 dorico
652 970 769 1056 μάννος
790 976 856 1039 sive
876 970 992 1055 μόννος
1014 980 1154 1058 (munitet

49 1081 81 1139 et
95 1091 163 1139 cum
181 1077 332 1139 communi
346 1075 494 1158 μηνίοκος
514 1079 702 1153 componunt
718 1072 886 1154 Graecique
901 1075 1068 1155 vulgariter
1084 1086 1156 1145 tun·

49 1191 139 1254 quam
173 1174 369 1237 vernaculum
403 1178 570 1253 usurpant,
602 1171 749 1250 Polybius
777 1178 880 1236 autem
911 1174 1053 1252 gallicum
1083 1195 1155 1243 csse

50 1272 219 1352 significet3
257 1290 319 1353 qua
354 1288 430 1335 aura
457 1270 619 1350 provocati
649 1270 860 1348 Syuorctistae
888 1273 988 1334 nostri
1017 1275 1068 1337 uin
1096 1274 1156 1341 tlioi

47 1377 156 1452 potest
176 1388 339 1452 quousque
361 1370 537 1434 evehantur.
548 1368 576 1407 ¹⁰
596 1367 635 1431 Et
655 1364 813 1450 pervideres
833 1387 957 1450 quoque
971 1388 1032 1450 quo
1050 1372 1155 1439 Circe-

48 1470 204 1532 roboscus
231 1468 372 1532 Eustatlr.
400 1465 471 1547 818,
493 1463 543 1531 23.
569 1469 695 1548 proprie
723 1460 836 1548 δεσμὸν
862 1463 977 1549 χόρτον
1004 1469 1156 1538 declarari

49 1574 182 1631 testatur
202 1562 281 1630 κατά
302 1587 371 1627 τινα
391 1564 543 1645 γλῶτταν,
565 1564 646 1628 haud
667 1567 778 1645 injurie
797 1567 829 1628 in
850 1573 943 1631 coetu
964 1568 1156 1650 alienigenu-

49 1683 117 1729 rum
144 1668 323 1730 referemus.
364 1662 428 1729 Sed
454 1657 598 1743 κοινοίκης
625 1664 692 1726 sivo
717 1659 891 1747 καμψάκης,
918 1682 1059 1747 quaeque
1083 1674 1156 1733 sunt

50 1764 189 1844 ejusdcm
211 1765 343 1827 familiae
365 1779 462 1842 eapse
482 1771 512 1825 et
532 1756 686 1842 κάμπτον,
716 1779 735 1824 a
756 1763 905 1843 capiendo
927 1771 957 1828 ot
977 1765 1155 1847 recipiendo

50 1861 133 1925 dicta
161 1879 199 1925 ac
227 1860 356 1944 proinde
382 1878 445 1924 uou
466 1861 557 1940 longe
582 1877 599 1922 e
621 1860 720 1923 metlia
740 1860 882 1925 barbaric
904 1862 962 1927 sed
983 1881 1021 1926 ert
1042 1866 1155 1931 vicinio

50 1962 127 2025 Latii
155 1960 225 2024 solo
253 1961 445 2039 immigrasse
472 1957 629 2039 videntur,
661 1973 698 2020 ac
726 1958 753 2021 si
780 1958 819 2021 ab
848 1959 952 2023 ultima
979 1971 1157 2043 repetentur

51 2062 159 2142 stirpe,
183 2061 319 2122 sortasse
340 2075 403 2120 non
423 2057 523 2119 minus
544 2071 658 2135 graeca
679 2072 768 2134 quom
781 2072 908 2120 romana
929 2067 1011 2143 sunt,
1033 2079 1103 2129 nam
1125 2070 1157 2128 ot

50 2158 94 2222 illi
123 2176 250 2238 capsam
277 2151 415 2236 κυψέλην
436 2160 566 2235 vocant,
596 2153 758 2233 caupulum
784 2148 907 2236 κύμβην
932 2157 1052 2238 aliaque
1074 2161 1156 2227 illius

51 2257 139 2321 verbi
166 2257 297 2336 vestigio
325 2259 452 2319 servent
480 2267 558 2332 quae
580 2251 724 2313 interiore
746 2251 878 2331 quodam
899 2252 971 2316 loco
994 2272 1157 2321 common-

51 2355 169 2417 strobo.
215 2354 375 2417 Nominum
399 2359 514 2430 tumen,
543 2347 580 2410 dc
609 2348 719 2428 quibus
747 2349 876 2432 loquor,
909 2358 1054 2416 auctores
1081 2354 1157 2419 nulli

50 2455 111 2516 nist
127 2453 276 2533 extranei,
297 2450 464 2513 Bibliorum
478 2450 664 2526 interpretes
667 2446 784 2540 Quoi
801 2455 831 2511 et
843 2450 967 2528 rupices
982 2450 1157 2537 Christiani,

52 2557 238 2629 constatque
261 2549 414 2619 sententio
435 2545 587 2608 vocabulo
606 2546 636 2607 in
657 2568 734 2627 ακης
748 2548 920 2610 exeuntiae
937 2547 1064 2612 Graecia
1078 2568 1157 2614 cnu-

52 2649 125 2712 lure.
150 2648 212 2712 Setl
227 2649 283 2709 nee
297 2644 523 2725 peregrinitatis
540 2652 613 2705 notu
629 2653 766 2706 enerrrtue
781 2653 852 2707 sunt
870 2653 993 2710 ceterae
1008 2651 1156 2714 termina-

55 2748 274 2825 tionespurtim
292 2743 477 2805 tralaticioe:
496 2743 618 2804 averbo
631 2738 804 2824 φορμάοσω
815 2740 1156 2828 φαρμακεύς,οβόμβυξ

52 2845 204 2926 liupponis
219 2845 284 2904 siue
296 2838 449 2920 παμβακίς
470 2846 502 2899 ui
522 2842 662 2917 θυλακίς,
685 2841 826 2921 (polonie,
846 2843 987 2922 torpente,
1003 2845 1040 2906 ab
1056 2845 1157 2906 obst)-

53 2946 116 3007 leto
130 2944 280 3023 principio
297 2934 423 3017 ἀννκκίς
438 2933 549 3019 (priore,
565 2944 664 3019 reno).
687 2940 799 3001 Partim
814 2939 851 3000 ad
866 2956 1043 3017 paragogen
1058 2939 1157 3016 perti-

53 3051 142 3105 nent:
166 3043 293 3120 priorum
314 3032 476 3117 πυῤῥάκης
498 3031 516 3097 ὁ
537 3033 656 3114 arreptis
677 3036 841 3099 llerotlion.
864 3036 959 3113 Epim.
983 3035 1049 3099 115.
1074 3035 1157 3116 quod

55 3141 182 3219 saepius
205 3140 233 3200 in
257 3139 407 3200 l'ersione
431 3135 462 3196 l'.
487 3134 518 3195 T.
540 3134 686 3211 legitur¹¹
713 3134 853 3215 itlenrque
874 3134 1069 3198 Ruhnkenius
1091 3136 1158 3198 ilc-

54 3238 164 3318 spclrio
187 3237 318 3299 restituit
341 3253 365 3298 s,
380 3228 575 3314 ’Τκὲρυθρος
596 3229 763 3314 κορακκης,
785 3234 922 3298 detracta
937 3252 1158 3298 consonemu-

167 3402 189 3407 .-
201 3398 336 3407 ...--.—-

56 3492 166 3555 apparet
184 3484 231 3538 sed
246 3484 341 3535 Sululos
360 3481 443 3547 tradit,
462 3495 509 3535 eos
531 3480 639 3535 lortusse
657 3487 782 3549 sequutus
801 3482 844 3547 qui
858 3478 942 3536 δάκος
954 3483 1061 3534 irionem
1075 3481 1158 3535 inter.

56 3574 151 3638 prelati
172 3574 239 3621 stent.

126 3656 170 3718 tc)
188 3652 309 3705 l'etenrm
337 3647 539 3713 Celtoplrilururn
567 3661 637 3700 more
663 3645 867 3701 Ilicienbocirius
892 3649 918 3699 in
942 3646 1008 3701 Celt.
1028 3645 1055 3698 T.
1076 3646 1095 3697 l.
1115 3645 1156 3700 68.

55 3755 95 3807 sq.
117 3738 168 3789 leuc
186 3735 307 3787 conciliet
326 3745 383 3782 cum
402 3730 509 3782 aliarum
528 3730 671 3795 linguarum
687 3730 822 3794 vocabula,
842 3737 893 3782 tum
913 3732 990 3784 etium
1009 3729 1087 3781 lutino
1100 3742 1159 3781 triu-

56 3837 121 3882 nuS‚
140 3832 258 3881 monere,
277 3819 387 3877 moneto,
407 3814 518 3877 moenie,
540 3827 622 3875 orions,
643 3826 738 3877 murus,
757 3828 836 3875 more,
856 3815 949 3876 mirari,
969 3816 995 3866 et
1012 3812 1160 3876 gerentonica

58 3903 180 3965 Maeona,
200 3900 279 3964 ilinc,
297 3897 400 3963 clanget
416 3902 466 3950 etc.
501 3895 573 3949 Haec
592 3895 778 3961 propemodum
796 3896 943 3961 adaequant
955 3895 1102 3962 Goropiene
1116 3897 1159 3947 in-

59 3994 137 4044 venta
158 3991 184 4039 et
202 3985 313 4036 lemoses
330 3979 535 4046 Symbolicorum
553 3977 745 4031 similitudines.

130 4070 174 4135 tt)
200 4068 265 4120 ilino
290 4063 399 4117 tortasse
426 4066 467 4116 est
485 4063 614 4126 genitivus
632 4061 729 4128 proprii
746 4057 873 4129 Πνριὶκον
891 4062 917 4114 in
935 4061 1015 4116 luscr.
1033 4062 1114 4117 Tenie
1134 4077 1158 4117 u.

59 4154 136 4219 atet,
154 4151 195 4208 32.
214 4166 239 4217 p.
260 4149 319 4206 255.
339 4152 365 4202 et
382 4147 458 4202 Delia
475 4160 500 4200 n.
521 4146 593 4202 1391.
613 4159 638 4211 p.
656 4143 714 4199 319.
