2648 4756
180 345 234 413 nn
255 346 352 415 uon.
372 345 475 414 anm.
496 347 650 418 oneum.
671 349 713 416 m
728 332 768 426 ῖς
785 348 930 419 runnu
951 357 982 429 ς.
1001 352 1030 418 a.
1098 353 1170 424 sou

65 508 111 587 ξος
126 503 261 589 Ἀλεξίας
278 504 407 588 {liliano
422 505 551 591 Ἀλέξων
568 506 710 592 ’Λίωξίαν
726 508 877 592 Ἀλεξῖνος
886 511 1073 598 -Ἅριστος
1084 513 1167 603 'Ape

64 623 130 682 στις
153 601 315 689 Ἀριστέας
337 603 494 690 Ἀριστίας
518 605 679 694 Ἀριστοός
702 607 858 696 Ἀρίστων
881 606 1047 695 Ἀριστίων
1077 623 1107 683 σί
1132 622 1168 683 ul

64 710 178 788 auique
203 707 327 788 ingenti
356 707 481 790 placuit.
523 710 641 792 Hisque
669 713 761 777 modo
790 729 848 794 pro
880 712 1012 779 diversis
1031 720 1168 800 utuntur,

59 805 159 896 modo
179 822 296 871 summa
315 806 347 868 in
372 805 591 887 aequabilitate
611 818 738 892 ponunt.
781 810 869 876 Unde
889 818 961 875 sunt
980 812 1034 876 illa
1055 813 1089 877 in
1107 830 1166 879 ue·

64 905 158 968 tustis
180 902 406 984 exemplaribus
427 902 653 987 dittograpluiae
673 908 803 972 indioia:
822 901 970 990 Ἀνόγων
984 905 1007 992 ἢ
1019 903 1167 989 Ἀναξίας

64 1001 169 1068 Seirol.
196 1001 349 1083 Lpooplrr.
383 999 453 1068 511.
486 997 605 1078 ilhnic
630 999 660 1087 ἢ.
685 1000 832 1088 Τελέστης
864 1006 975 1072 Athen.
1002 1007 1099 1075 i21.
1132 1010 1165 1077 li.

66 1099 198 1163 Φαίόων
223 1095 247 1183 ἢ
276 1098 429 1180 Φαιδρίας
455 1117 484 1165 v.
511 1101 642 1166 lleinelr.
670 1104 749 1169 illst.
777 1103 848 1169 385.
879 1100 1019 1189 Ζηνίςῆ
1047 1103 1167 1188 Ζηνεύς

63 1197 133 1263 ltu
163 1198 241 1263 Xlil.
262 1197 332 1264 901.
358 1199 390 1263 F.
415 1197 469 1263 ubi
491 1199 587 1282 Ζῆνις
620 1202 815 1266 scribendum
849 1218 888 1267 ex
919 1203 1035 1269 Aneed.
1069 1204 1165 1273 Bekis

64 1293 157 1362 1192.
185 1295 314 1375 Utrique
340 1294 380 1359 ad
407 1297 544 1375 speeiem
570 1298 670 1362 simila
702 1301 801 1381 Πῆίις
829 1299 921 1365 Pans.
948 1300 984 1366 X
1005 1300 1062 1384 27,
1084 1301 1114 1369 1.
1133 1307 1166 1368 et

64 1387 189 1475 Πηλεύς
207 1392 264 1458 sed
285 1392 409 1459 diversa
431 1394 566 1459 tortasse
587 1397 725 1478 origine3
747 1414 817 1462 narn
847 1399 944 1481 Ζῆνις
970 1414 1027 1480 pro
1059 1395 1166 1482 Ζηνό-

61 1488 156 1565 δοτος
174 1491 273 1572 aeeipi
293 1496 400 1573 potest
426 1497 460 1555 ut
490 1492 600 1568 Θεῦόις
626 1496 717 1559 loth.
748 1495 812 1560 Xll.
840 1496 909 1563 179.
937 1498 987 1561 oui
1013 1498 1046 1561 iu
1073 1497 1165 1567 Τίτον.

60 1605 225 1671 perperam
250 1588 398 1653 artioulus
426 1589 589 1655 lemininns
616 1594 816 1675 praeponitur
843 1610 901 1677 pro
936 1590 1089 1671 Θεόδοτος
1113 1598 1164 1664 uel

63 1682 237 1767 Θεόδωρος,
248 1680 388 1769 ”Adam
407 1684 530 1768 (omiss.
557 1689 589 1753 in
619 1691 685 1772 nn.)
717 1690 821 1772 Steph.
848 1709 874 1757 s.
901 1687 996 1775 Δύμη
1023 1693 1107 1759 Suid.
1135 1709 1165 1764 s.

54 1777 211 1854 Ἱπιόναί
238 1801 295 1867 pro
319 1778 494 1868 Ἀθήναιος
516 1786 567 1850 uel
589 1780 823 1871 Ἀθηνόδωρος.
871 1790 979 1872 Neque
1005 1791 1077 1856 inuio
1103 1790 1164 1858 ud-

58 1888 204 1947 rersatnr
224 1881 308 1964 qnod
328 1885 375 1949 sio
396 1884 570 1965 oomposita
598 1885 659 1950 ulio
688 1886 866 1969 detorqueri
886 1895 1018 1970 possunt
1043 1889 1164 1967 Θευόᾶς

58 1974 302 2063 ὑποκοριστικόν
318 1982 379 2046 τοῦ
400 1977 562 2059 Θεόδωρος
580 1981 646 2046 ΕΜ.
667 1983 738 2067 444,
759 1985 808 2050 34.
827 1987 877 2050 oni
906 1985 991 2068 qnod
1009 1986 1162 2055 Arouditrs

59 2077 198 2159 adjungit
224 2096 255 2161 p.
276 2079 335 2162 21,
364 2080 412 2145 17.
442 2079 558 2159 liudis
585 2079 721 2144 tortasse
747 2083 827 2146 idern
857 2100 969 2148 nornen
1001 2085 1161 2167 estquod

61 2173 170 2253 Πόθος
189 2178 334 2242 soribitur
352 2176 444 2242 Paus.
464 2176 500 2242 X
522 2176 551 2259 6,
573 2176 602 2241 3.
621 2177 697 2243 Plin
717 2179 849 2246 XXXVI.
873 2182 904 2264 5,
924 2182 954 2246 4.
983 2181 1065 2262 quod
1093 2183 1122 2247 si
1142 2200 1163 2249 u

58 2272 156 2340 addo
178 2283 272 2358 puteo
293 2275 343 2339 uel
364 2275 404 2339 ab
426 2275 503 2365 urbo
516 2274 666 2355 Delphina
685 2276 810 2342 duetum
823 2284 881 2362 est,
896 2279 943 2343 sie
965 2279 1163 2360 pronuneieri

59 2381 185 2457 oportet
205 2381 239 2439 ut
268 2370 401 2451 Πύθων,
432 2365 561 2445 Πυθέας
586 2372 671 2438 Pind.
701 2369 826 2451 Πύθιος
854 2383 885 2440 et
915 2373 1042 2451 Πυθίας
1065 2377 1161 2467 ¹Antii

57 2473 123 2538 noe
143 2479 193 2537 est
213 2472 315 2554 ypsilo
337 2472 452 2553 longo;
472 2471 615 2551 idemque
634 2474 750 2547 Πνθᾶς
771 2475 862 2538 etiam
883 2490 940 2557 pro
964 2470 1161 2556 Πυθόδωρος

58 2572 161 2653 aeeipi
188 2587 285 2652 posse
311 2569 488 2650 intelligitur
512 2585 551 2632 ex
578 2567 681 2634 senor
708 2573 798 2636 Dion.
829 2572 957 2638 Gramm.
977 2572 1049 2639 857.
1071 2566 1090 2636 ὁ
1109 2567 1161 2637 τέ-

57 2689 170 2749 ταρτος
189 2670 254 2731 τῶν
272 2663 520 2749 ότανοροστικῶν
538 2661 636 2741 τύπος
654 2668 696 2743 είς
716 2657 756 2745 ας
773 2665 815 2744 ὡς
843 2673 948 2753 Ζηνᾶς
974 2665 993 2734 ὁ
1015 2664 1161 2753 Ζηνόδω-

57 2788 117 2849 ρος
136 2763 191 2829 καί
218 2768 351 2848 Μητρᾶς
375 2759 394 2829 ό
421 2760 617 2848 Μηνόδωρος
643 2772 677 2829 ul
698 2769 769 2833 Sex.
790 2768 929 2851 Pompeji
949 2768 1078 2833 libertus
1100 2767 1161 2832 dn-

59 2873 193 2946 otorque
228 2865 373 2929 classium
407 2864 446 2927 ab
482 2865 626 2944 Appiano
660 2862 876 2947 Μηνόδωρος,
910 2880 929 2927 a
958 2866 1057 2929 iliona
1083 2881 1158 2929 vero

56 2964 178 3044 Μηνᾶς
198 2969 342 3042 vocatum
368 2976 437 3025 nam
458 2961 536 3024 haee
555 2963 710 3027 nominum
731 2965 925 3045 propriorum
960 2961 1159 3044 interpolatio

56 3061 153 3126 nullis
174 3059 324 3123 adstriota
352 3065 471 3123 tenetur
498 3058 618 3139 legibus
646 3062 702 3126 sed
728 3061 820 3125 modo
842 3060 1003 3125 dissimilia
1021 3059 1160 3125 similiter

56 3160 220 3222 lleotuntur
241 3157 333 3221 modo
355 3157 466 3221 similia
487 3155 623 3240 diverse,
643 3175 744 3240 neque
764 3160 864 3222 solum
884 3157 1080 3222 Metrodorus
1101 3158 1162 3222 ali-

59 3258 131 3338 quis
160 3255 348 3319 familiariter
376 3256 510 3336 Μητρᾶς
539 3258 688 3338 appellari
709 3259 808 3340 potuit
830 3255 886 3321 sed
908 3259 999 3320 etiam
1018 3257 1048 3320 is
1069 3257 1162 3338 qula

58 3355 242 3437 parentibus
262 3368 374 3417 nornen
394 3347 542 3435 Μητρέας
569 3357 744 3435 aooepisset
765 3361 797 3417 ut
810 3349 922 3436 Ἡρέας
941 3349 996 3416 καί
1021 3349 1056 3417 ἐν
1082 3367 1162 3417 συν-

58 3448 175 3532 αιρέσεο
189 3446 286 3532 Ἡρᾶς
306 3444 348 3525 ὦς
368 3448 484 3532 βοῤῥᾶς
505 3451 570 3514 ΕΜ.
591 3452 660 3518 436.
684 3460 713 3516 el
735 3453 845 3534 Δημᾶς
868 3444 930 3513 ἀπὸ
957 3450 1015 3514 τοῦ
1035 3446 1161 3533 Δημέας

62 3549 170 3615 Soliol.
191 3550 281 3614 Ilion.
309 3549 379 3632 714,
400 3547 449 3612 24.
478 3562 536 3611 nee
556 3551 691 3633 Μητρᾶς
717 3550 817 3614 solum
846 3549 927 3612 illius
949 3548 1034 3612 niues
1055 3548 1161 3614 subire

58 3649 160 3731 potuit
189 3648 244 3712 sed
278 3647 369 3711 otium
390 3643 514 3729 Μότρος
535 3649 685 3735 (Μᾶτρις)
707 3666 736 3712 v.
760 3647 1007 3726 Schweighaues.
1028 3644 1067 3710 ad
1086 3645 1158 3711 Atii.

60 3746 96 3809 Τ.
117 3745 138 3809 l.
160 3745 231 3810 315.
254 3745 360 3811 doriee
382 3748 502 3829 quidem
524 3754 558 3811 nt
579 3743 727 3828 Ματρέας
740 3744 975 3809 Alexandrinus.
1015 3742 1056 3808 Et
1071 3739 1162 3826 Ndp·

58 3865 116 3926 φας
135 3844 201 3908 ΕΜ.
222 3861 286 3909 non
306 3863 325 3908 a
347 3841 569 3929 Νυμφόδωρος
590 3847 701 3928 repetit
722 3844 778 3910 sed
799 3860 818 3906 a
837 3839 954 3925 νύμφη.
1002 3842 1162 3923 Amynan·

59 3942 118 4006 der
140 3959 213 4006 vero
236 3959 292 4006 rex
310 3944 514 4008 Athamanum
535 3961 554 4007 a
573 3942 702 4022 Polybio
726 3942 852 4021 saepius
873 3941 936 4022 sio,
963 3935 1162 4022 semel’Apu·

59 4042 120 4114 νᾶς
154 4048 346 4121 nuncupatur
374 4041 422 4104 lv.
453 4040 507 4124 16,
535 4040 564 4106 9.
592 4041 673 4103 sieut
702 4038 877 4104 Alexander
911 4037 950 4100 al)
987 4035 1161 4118 Epiphanio

56 4133 198 4217 Ἀλεξᾶς,
219 4139 360 4222 idemque
379 4137 454 4204 illud
474 4155 514 4205 ex
530 4131 682 4221 Ἀμυνίας
703 4137 835 4203 existere
855 4135 998 4215 potuisse
1019 4140 1162 4201 testatum
