2648 4756
159 306 207 374 40
533 309 856 377 ulssuulnulo
893 308 914 374 L

168 488 207 537 en
233 472 403 537 Plnilistidis
430 472 509 536 libro
532 475 759 555 συγγενικῶν14
781 476 910 556 promit:
947 468 1119 547 πάλλσυσες
1149 471 1182 535 oi
1205 467 1272 548 νέα,

167 566 318 644 παλλάδες
337 569 370 634 αἱ
389 571 528 652 μείρακες
548 590 576 636 v.
598 574 730 637 Cusaub.
753 572 791 636 ad
807 572 909 637 Strah.
922 569 1097 636 hulleto.
1140 570 1272 636 Alterum

168 684 242 732 esse
263 676 338 748 putu
359 665 512 751 πρόφρων
532 667 737 754 πρόφρασσα,
768 671 842 734 licet
863 686 955 734 secus
977 671 1093 734 sentiat
1115 671 1270 734 Buttman-

168 782 227 830 uus
254 768 286 829 in
308 767 436 832 Gramm.
460 769 492 832 l.
514 770 535 833 l.
553 770 622 835 254.
653 769 683 833 id
710 789 729 833 a
750 765 903 850 πρόφρων
924 767 1073 832 detlcnum
1097 777 1189 833 ratus
1209 774 1274 832 uta

168 866 331 946 participio
352 863 412 930 ἔων
424 868 561 931 donicum
576 864 680 945 icccc,
703 869 940 949 consentiatque
952 868 1101 930 Matthiae
1119 873 1150 941 ς.
1168 865 1275 948 125,11

169 961 231 1026 Sed
253 964 313 1029 hoc
333 962 429 1029 ἐάσσα
448 968 480 1028 in
496 968 614 1047 paucis,
636 966 747 1045 quihus
767 966 935 1048 legebatur,
956 966 1035 1029 locis
1056 964 1202 1028 codicum
1219 981 1275 1028 au-

169 1063 314 1127 ctoritate
335 1067 367 1128 in
387 1061 464 1127 ἐῶσα
484 1072 630 1128 mutatum
655 1072 720 1148 cst,
741 1064 825 1145 quod
848 1081 904 1144 pru
927 1060 1008 1126 ἐῶσα
1029 1062 1146 1127 dicitur
1166 1063 1275 1127 donce.

169 1158 357 1226 Philoxenus
385 1162 551 1242 desperata
579 1163 723 1241 analogia
750 1163 977 1225 substantivum
1005 1156 1173 1224 λδιότυπσν
1193 1177 1276 1225 ccm-

166 1267 291 1323 mcntus
314 1268 363 1324 est
383 1258 524 1342 φράσον,
553 1260 633 1324 unde
654 1259 729 1322 illud
751 1263 956 1340 compositum
979 1260 1097 1325 diceret
1121 1258 1274 1325 Schclll

169 1354 290 1422 11291.
327 1360 409 1441 Mihi,
428 1361 456 1423 si
478 1360 579 1422 thema
599 1358 638 1424 ad
658 1374 796 1421 normam
815 1366 846 1421 et
867 1359 1003 1438 regulam
1014 1360 1189 1440 quaeritur,
1209 1353 1275 1441 πρό

170 1475 254 1535 φρας
280 1457 454 1535 ponendum
488 1456 608 1519 videtur
636 1474 654 1519 a
680 1451 772 1536 φράω
801 1452 935 1538 (φράζω)
964 1456 1090 1523 ductum
1121 1457 1274 1538 simileque

172 1555 308 1634 propriis
322 1549 443 1636 Ἒνφας
464 1554 567 1619 Schol.
589 1556 660 1618 Eur.
683 1554 818 1618 Phuenn.
837 1555 883 1619 13.
909 1556 1058 1636 Περίφας,
1074 1550 1275 1639 ’Ὶαέρφσις.“

170 1648 225 1712 llis
255 1652 334 1714 enim
364 1653 542 1716 masculinis
566 1652 712 1732 adaptata
742 1659 814 1714 sunt
842 1653 986 1716 feminina
1013 1671 1188 1734 quaecum
1208 1649 1275 1735 νιρό

169 1761 296 1829 φρασσα
318 1753 450 1814 conferri
471 1759 603 1831 possunt
623 1746 818 1833 Τηλέφασσα,
827 1751 858 1791 ⁴⁰
880 1768 941 1832 quc
956 1754 1080 1816 numine
1102 1753 1160 1816 luit
1177 1753 1275 1817 Eum-

170 1863 230 1926 pac
250 1853 348 1911 mater
362 1849 465 1913 Schol.
487 1850 563 1914 Plat.
581 1849 650 1914 419.
674 1850 711 1912 ab
735 1849 803 1912 aliis
830 1845 969 1932 Τελεφάη
991 1856 1022 1914 et
1048 1847 1178 1935 Ῥηλέφη
1200 1851 1275 1915 (licta

170 1962 198 2008 v.
220 1947 349 2011 llcinck.
371 1947 410 2010 ad
431 1949 549 2013 ltlcsch.
571 1947 605 2011 tl.
624 1948 674 2011 40.
697 1953 727 2011 ct
752 1943 997 2031 Περσέφασσα47
1024 1967 1042 2012 a
1063 1950 1164 2013 verbe
1187 1949 1274 2030 poly-

171 2052 311 2107 semantc
335 2040 423 2126 φάο,
452 2046 533 2110 unde
555 2040 711 2127 Ἀντιφῶν
738 2052 769 2109 ct
791 2054 937 2128 conrupta
959 2047 1064 2113 ultima
1076 2043 1228 2129 Ἆνσιφσς
1245 2054 1275 2111 nt

176 2136 329 2225 Τήλεφος,
352 2146 508 2227 multaque
530 2146 590 2209 alia
614 2145 762 2224 Θεοφιόυ,
793 2146 979 2228 Καλλιφῶν,
1002 2148 1164 2227 Λαοφῶυ,
1187 2144 1275 2217 Ξενο-

170 2239 243 2320 φῶν
270 2257 308 2304 cx
336 2240 511 2327 Ξενοφάων
539 2249 731 2308 contractum
752 2243 817 2306 Eli.
839 2243 909 2326 684,
930 2244 978 2308 54.
1000 2249 1033 2306 ut
1060 2245 1274 2325 appellativum

171 2329 338 2422 ἀμφιφῶν,
362 2341 399 2407 tle
422 2348 510 2425 cujus
534 2343 651 2435 origine
672 2341 756 2404 nulla
779 2358 850 2404 csse
872 2347 978 2421 potest
999 2340 1163 2408 dubitatio.
1204 2342 1276 2407 ilinc

172 2436 307 2515 pendent
342 2441 486 2504 feminina
518 2442 551 2505 in
578 2455 646 2502 ωσσι
672 2445 706 2502 ut
731 2432 945 2524 Ἀριστοφῶσα
971 2441 1026 2524 τῆς
1049 2432 1277 2524 Ἀρισσοφόσης

238 2685 285 2752 44)
308 2702 334 2754 p.
359 2687 417 2753 316,
439 2687 477 2743 ll.
507 2683 521 2738 ὅ
544 2684 575 2739 ἓν
599 2689 637 2758 τῷ
661 2691 722 2762 περὶ
739 2688 910 2759 συγγενικῶν
927 2687 1073 2756 ὀνομάτων
1089 2690 1134 2746 vel
1152 2690 1223 2747 idem
1240 2693 1277 2746 esi

172 2767 215 2823 vel
232 2768 437 2838 Aristophanes,
466 2773 540 2838 cujus
566 2777 764 2829 cciinmentunius
788 2774 836 2828 luit
859 2773 921 2840 περὶ
940 2772 1082 2841 συγγενῶν
1100 2772 1177 2829 Phot.
1195 2788 1218 2829 s.
1237 2773 1276 2825 oi·

172 2852 250 2901 κείαν
267 2850 300 2906 cl.
319 2853 504 2909 Schneidewin
525 2852 642 2921 Ccnject.
666 2858 722 2913 106.
763 2856 837 2909 Hunc
858 2853 1008 2908 Eustathius
1026 2858 1142 2912 nominat
1161 2858 1220 2924 648,
1237 2857 1275 2914 tt

172 2930 204 2984 όν
220 2941 277 2992 τοῖς
296 2942 482 3005 συγγενικσῒς,
507 2935 656 3005 Anonyutlts
683 2936 767 2990 Ciam.
789 2938 835 2991 lll.
857 2937 913 2992 194.
940 2935 971 2988 ἐν
988 2938 1027 3006 τῷ
1046 2941 1212 3009 συγγενινηῖ,
1237 2942 1276 2994 etti

173 3018 266 3072 similis
284 3018 451 3086 Ζηνοφάνης
472 3016 503 3069 ἐν
518 3019 556 3086 τῷ
576 3019 730 3088 συγγενικῴ
748 3020 841 3075 Athen.
861 3018 890 3072 ll.
909 3021 967 3075 424.
986 3020 1015 3074 C.
1047 3022 1101 3078 Sed
1120 3025 1276 3092 genealogi·

174 3113 233 3152 cum
259 3100 341 3155 luisse
360 3102 462 3156 videtur
480 3102 609 3157 Andronis
627 3117 693 3170 opus
713 3104 879 3171 σνγγενειῶν
896 3104 984 3158 Schol.
1003 3105 1089 3173 Apoll.
1109 3105 1131 3159 l.
1151 3108 1193 3163 45.
1212 3107 1277 3160 llar-

173 3195 246 3252 pocr.
266 3197 287 3237 s.
308 3187 500 3254 Φορβαντεῖον
523 3189 551 3238 111
567 3186 686 3240 Suetonii
706 3184 869 3254 συγγενικὸν
887 3184 1037 3257 Καισάρων
1056 3187 1132 3242 Stild.
1153 3203 1176 3243 s.
1193 3188 1277 3258 Τράγ·

173 3263 275 3322 καλλος.

240 3363 286 3432 45]
310 3365 356 3419 llis
375 3371 484 3434 cognata
501 3370 561 3421 sunt
578 3363 733 3435 Περιφόιης
750 3371 777 3420 et
790 3364 958 3434 Ἀντιφάνης,

240 3465 287 3532 46)
313 3466 343 3519 ln
354 3464 453 3520 lloschi
470 3467 529 3520 lucc
546 3464 695 3521 hicineliius
718 3463 794 3517 codd.
810 3466 963 3519 auctoritate
977 3464 1163 3534 Τηλεφάσσσα
1179 3469 1280 3537 scnipsit

175 3562 221 3615 pro
239 3546 427 3617 Τηλεφάεσσα,
471 3548 554 3615 llttjus
579 3547 676 3602 formae
701 3546 799 3615 duplici
818 3549 904 3601 simile
931 3551 972 3602 esi
991 3547 1124 3615 Πασιφάη
1149 3556 1176 3605 et
1198 3554 1278 3602 Πασι-

176 3629 287 3698 φάεσσιι
312 3630 432 3698 eiusdem
456 3630 523 3685 deae
550 3645 645 3684 nomeu
669 3629 766 3696 duplex
790 3645 815 3684 v.
839 3630 977 3686 llennanu.
1003 3630 1100 3699 Opusc.
1124 3632 1153 3686 T.
1174 3634 1203 3688 V.
1224 3633 1278 3693 ¹80.

174 3713 360 3781 Εόρνηάεσσα
386 3711 460 3765 Hom.
480 3711 511 3765 H.
537 3714 563 3764 in
580 3712 634 3764 Sul.
653 3712 677 3766 4.
704 3727 771 3780 quac
789 3714 931 3766 masculina
958 3728 990 3767 cn
1014 3728 1061 3768 sua
1085 3716 1207 3782 analogia
1231 3729 1279 3769 non

175 3795 287 3863 hahent;
315 3795 457 3852 secundum
476 3796 537 3848 artis
557 3795 673 3861 regulam
695 3795 844 3847 innasculinis
862 3798 887 3848 in
905 3814 962 3854 ιιεις
983 3795 1025 3862 (ut
1042 3795 1141 3856 ἱλάεις,
1163 3796 1277 3867 captim]

175 3879 340 3946 subjicienda
357 3885 429 3944 sunt3
454 3879 485 3932 ab
503 3874 651 3950 Εόρνηάης
668 3875 798 3945 (Λαφάην
814 3877 890 3933 Paus.
910 3879 943 3933 ll.
961 3878 1017 3945 21.)
1036 3879 1278 3955 1ουο1Εόρνφάεια

175 3967 204 4016 ut
220 3960 393 4029 Καλλιφάεια
412 3962 488 4015 Palis.
506 3962 550 4015 Vl.
569 3961 611 4016 22.

241 4044 288 4112 47)
310 4044 444 4111 Vulcatius
466 4057 559 4097 nomen
577 4039 738 4112 Περσεφόνη
763 4041 881 4107 legitime
904 4043 1062 4099 declinatum
1086 4049 1129 4099 est
1150 4059 1167 4099 a
1185 4044 1276 4116 Περσί·

176 4142 270 4197 φονος,
288 4132 317 4180 ut
333 4130 480 4195 Τισίφονος
498 4125 584 4190 Quini.
604 4124 673 4180 lllll.
692 4124 752 4182 215.
771 4129 794 4175 Γ
794 4124 950 4196 οργυφόνυς
968 4125 1049 4191 -όνη
1067 4131 1119 4183 etc.
