2648 4756
61 402 69 419 ,
170 328 242 397 382
512 324 837 392 bisstrttrnrto
873 323 949 389 tltl.

173 501 278 578 potest
298 498 330 555 ut
351 507 409 570 pro
430 483 539 565 ὂνοτός
568 490 729 571 scripserit
753 482 934 566 Ἀπόδοτος,
964 484 1048 569 quod
1074 485 1281 569 (ioettliugius

175 592 302 675 optabat
331 588 369 652 do
391 591 465 654 hcc.
487 590 556 654 227.
601 588 663 653 Sed
690 596 816 668 uterque
838 582 1138 668 praeter·thitocor
1157 586 1281 665 gentili-

174 692 253 754 cium
275 688 388 751 Herod.
411 688 459 751 lV.
481 687 509 751 o.
532 688 635 750 omisit
649 702 761 751 nornen
774 693 995 767 concertatum,
1011 686 1277 765 errjusgenitirum

172 780 320 867 ἆτρότων
340 786 389 849 vel
410 777 553 865 ἀβρότων
573 784 723 864 Harpoor.
752 793 781 848 et
802 786 867 849 Ell.
898 783 979 863 apud
1009 784 1196 847 Dinarchum
1222 784 1278 864 logi

173 884 229 950 sed
251 901 314 946 non
335 884 402 945 sine
425 882 605 961 suspicione
626 882 726 945 mendi
748 890 917 961 testantur3
939 900 976 945 ao
990 900 1029 945 ne
1043 898 1146 959 genus
1161 881 1277 962 quidem

174 989 306 1063 constal,
326 976 455 1061 ἄτρυτοι
477 996 517 1043 an
538 975 666 1060 ἄπρατα.
711 978 856 1055 Molonis
877 975 920 1043 δι’
952 975 1022 1053 ἑνὸς
1042 967 1068 1059 τ,
1093 990 1125 1043 ul
1148 980 1277 1060 Stepha-

173 1100 232 1146 nus
255 1083 307 1162 ait,
328 1096 391 1143 non
412 1095 483 1141 raro
506 1078 624 1159 legitur,
647 1079 703 1142 sed
724 1081 837 1160 duplex
854 1088 973 1143 tuentur
986 1088 1102 1158 poetae
1117 1086 1147 1141 et
1162 1077 1277 1159 lapides

54 1188 58 1197 '
173 1200 202 1247 v.
223 1182 319 1243 lusor.
342 1178 379 1241 N.
402 1176 492 1242 2843.
521 1176 707 1256 codicesque
731 1186 790 1239 tam
810 1180 841 1240 in
860 1178 1015 1257 gentilicio
1038 1195 1133 1257 qurum
1152 1178 1184 1239 in
1205 1195 1277 1258 pro·

173 1277 252 1359 prio.
294 1275 425 1338 Nomina
444 1278 561 1355 primae
582 1275 797 1337 declinationis
818 1293 988 1355 paronyrna
1009 1284 1083 1337 sunt
1106 1271 1237 1357 ἱππότης
1248 1282 1276 1339 et

172 1370 307 1456 τοξότης,
337 1390 466 1454 quorum
500 1373 620 1435 uocalis
649 1373 687 1436 ad
715 1376 958 1437 terminationem
986 1376 1135 1454 pertinet;
1169 1369 1276 1457 ἀρότης

172 1490 249 1537 uero
265 1480 294 1535 et
307 1465 420 1554 ὀμότης
433 1489 451 1534 a
464 1472 568 1555 rjerbis
582 1479 748 1554 traxerunt,
771 1473 850 1536 siout
865 1473 917 1534 illa
929 1490 1008 1551 quae
1022 1480 1117 1535 antea
1133 1476 1274 1553 tractari3

172 1567 321 1653 ὁτσττότης
341 1570 525 1651 Apollonius
547 1586 586 1633 er
606 1564 773 1651 δεσποστης
793 1571 932 1633 extitisse
954 1572 1068 1649 statuit,
1099 1571 1157 1636 sed
1180 1590 1276 1654 nequo

174 1670 235 1735 hoc
263 1671 294 1731 in
320 1686 379 1731 usu
404 1685 504 1747 neque
533 1667 726 1749 verbalibus,
757 1667 868 1748 quibus
896 1670 994 1731 simile
1023 1677 1090 1751 est,
1112 1664 1273 1753 ἁρμοστής,

172 1762 291 1847 {proriis
319 1773 377 1829 eto.
406 1765 504 1844 sigma
531 1763 718 1848 detrahitur,
747 1774 776 1828 et
804 1766 889 1828 vorbi
909 1768 1009 1845 ipsius
1030 1764 1169 1845 ὁτσττόζω
1191 1774 1273 1851 origo

172 1880 302 1947 prorsus
332 1864 496 1942 incognita.
545 1862 700 1926 leniunda
729 1871 801 1927 sunt
830 1859 917 1945 βιοτή
940 1871 977 1927 et
1004 1860 1114 1948 ἐροτή,
1146 1886 1273 1949 quorum

172 1978 304 2027 caussae
326 1962 357 2023 in
379 1969 504 2043 aperto,
527 1968 556 2024 et
577 1961 661 2025 urbis
684 1979 795 2025 nomeu
825 1958 985 2035 Φανοτεύς
1012 1998 1054 2007 --
1078 1960 1201 2046 λέγεται
1226 1964 1272 2030 καὶ

174 2054 302 2141 Φανότη
334 2057 387 2122 καὶ
417 2054 571 2121 Φανότεια
601 2060 707 2139 Steplr.
750 2061 925 2123 (Iorrsonanr
954 2060 1140 2141 duplicatam
1162 2064 1272 2129 hubent

169 2160 305 2223 uirorum
326 2159 450 2222 nomina
463 2158 590 2238 propria
602 2153 839 2237 Σανδράκοττος
853 2166 883 2221 et
899 2160 1081 2233 Σισίκοττος
1100 2180 1128 2224 r.
1142 2163 1270 2227 Ellendt.

169 2255 348 2323 ttdhrrion.
371 2259 404 2321 V.
427 2258 456 2340 tt,
477 2257 505 2320 2.
528 2257 655 2329 Βίοττος
675 2257 706 2317 in
727 2258 823 2320 Inscr.
852 2260 942 2322 attio.
976 2258 1125 2333 Φίλοττος
1153 2261 1272 2325 Niobae

168 2358 295 2421 maritus
316 2373 343 2418 u.
365 2354 511 2417 Valcken.
544 2354 582 2417 ad
611 2355 746 2420 l'hoenn.
778 2375 805 2418 v.
839 2355 905 2419 159.
926 2352 1076 2437 ’Ἀδροττα
1105 2352 1272 2441 οὐδετέρως

168 2455 282 2535 χωρίον
302 2448 336 2514 ἐν
364 2451 466 2537 Λυδίᾳ
498 2452 603 2530 Slcplr.
634 2448 820 2530 κοροκόττας
848 2455 913 2516 sire
945 2450 1113 2534 κροκόττας
1142 2466 1174 2521 et
1203 2482 1270 2539 κρσ·

169 2547 301 2624 κούττας
331 2550 431 2612 bestia
458 2549 655 2631 Aethiopica,
690 2559 719 2613 et
749 2552 810 2612 alia
837 2552 978 2616 barbara.
1035 2555 1124 2619 Nunc
1154 2557 1195 2620 ad
1224 2558 1269 2621 di-

170 2648 347 2729 phlholtgos
369 2662 502 2739 pergunt.
541 2643 587 2708 Τὰ
602 2642 653 2709 διὰ
666 2650 724 2710 τοῦ
738 2635 828 2730 ‹Rq-9
836 2647 995 2729 βαρύτατα
1005 2646 1047 2732 μὴ
1070 2648 1148 2715 ὄντα
1169 2653 1268 2735 παρώ-

167 2740 324 2827 depredari
354 2746 409 2827 της
430 2767 460 2806 or
479 2740 667 2826 proeponatur,
696 2748 870 2828 Δαμοίτης,
897 2741 1068 2830 Ἀητροίτης,
1107 2753 1267 2834 Μενοίτης,

170 2847 324 2928 Φιλοίτης,
342 2839 486 2923 Ἁτοίτης,
511 2845 672 2925 Θαμοίτης,
695 2847 817 2928 Λοίτης,
839 2841 1019 2928 Ἀκαμοίτης,
1039 2841 1190 2930 Ἀρσίτης,
1207 2847 1268 2912 Ἀυ-

167 2944 299 3029 hostepe,
321 2942 485 3023 Σακοίτης,
506 2934 636 3023 ἀκοίτης.
686 2939 730 3005 Τὸ
751 2941 930 3027 πρεσβύτης,
953 2941 1098 3028 arithm,
1128 2944 1267 3031 μτγύτης,

166 3040 352 3121 βασανύτης,
371 3035 525 3121 Ἀρχύτης,
540 3037 678 3123 πιὸὑτης,
693 3035 886 3125 ἄλκυουύτης
899 3046 1097 3124 σεσημείωται
1111 3040 1152 3118 ὡς
1166 3043 1267 3127 παρώ-

166 3159 249 3217 νυμα
269 3132 321 3198 διὰ
341 3139 463 3216 μακροῦ
484 3140 541 3199 τοῦ
561 3146 583 3200 ὑ
604 3136 765 3221 γράφοντα
785 3136 843 3221 την
869 3138 1112 3222 παραλήγουσαν
1134 3145 1267 3226 Tllcogn.

166 3235 215 3300 46.
248 3234 379 3297 Primum
407 3250 494 3314 agam
523 3234 560 3297 de
581 3237 620 3299 iis
648 3256 727 3318 quae
748 3238 964 3319 diphthongum
986 3241 1111 3303 habent.
1155 3244 1267 3306 llorum

166 3342 297 3414 quatuor
318 3335 415 3413 prima
435 3332 605 3396 indubitata
627 3343 707 3400 sunt.
747 3329 879 3418 Ἀτοίτης
899 3355 1009 3401 vereor
1031 3355 1070 3401 ne
1095 3356 1134 3402 cn
1156 3341 1266 3421 duplici

166 3449 271 3495 errore
294 3440 396 3494 natum
419 3433 472 3508 sit,
504 3449 565 3494 uuo
596 3433 710 3495 librarii
732 3437 782 3515 qui
805 3438 851 3498 sic
872 3454 928 3517 pro
952 3430 1076 3517 ἀηοίτης
1097 3440 1268 3520 scripserit,

165 3530 263 3593 altero
294 3531 482 3610 Theognosti
514 3532 613 3610 ipsius
648 3531 791 3594 duosam
819 3534 963 3612 Hosqolrii
998 3535 1047 3596 uel
1082 3540 1266 3617 antiquioris

165 3626 388 3707 tltossopmplri
416 3629 599 3708 scripturam
624 3622 759 3710 Ἀγοίτης
789 3625 931 3712 ὑβριστής
953 3650 1046 3695 caeca
1069 3636 1266 3699 festinatione

165 3727 342 3806 sequerrtis3
376 3743 507 3806 namque
536 3721 658 3807 ἀκοίτης
687 3728 880 3792 scribendum
909 3740 963 3795 est.
1013 3731 1191 3797 l'ronirnum
1220 3751 1265 3813 ap.

162 3825 273 3889 Aroad.
295 3834 380 3889 reete
400 3827 546 3906 scriptum
567 3825 729 3907 Θυμοίτης,
752 3829 870 3889 tertium
885 3846 940 3908 pro
956 3831 1090 3911 Λαοίτης
1104 3832 1264 3913 surrepsit,

163 3924 246 4001 quod
268 3932 316 3987 cst
336 3924 422 3986 lovis
442 3923 637 4004 Neptunique
658 3927 815 4005 epitheton
837 3925 926 3989 Paus.
949 3928 983 3988 V.
1005 3927 1054 4009 24,
1078 3930 1105 3993 l.
1130 3931 1264 4010 quintum

161 4012 296 4101 Ἀρσίτης
318 4039 373 4103 pro
393 4014 532 4103 Ὀροίτης
552 4017 663 4101 κύριον
692 4022 773 4087 Suid.
795 4040 905 4086 nomen
928 4027 1080 4105 persicum
1102 4028 1135 4089 in
1156 4028 1262 4107 vulgus

163 4126 277 4181 notum.
317 4112 488 4201 Ἀνεμοίτης
508 4121 563 4184 luit
585 4120 720 4184 Thebani
741 4121 899 4201 cujusdam
919 4139 1030 4188 nornen
1044 4142 1072 4190 v.
1085 4124 1263 4205 Bernhardy
