2648 4756
19 41 134 113 dieitur,
158 40 307 111 Θυμαιτις
327 40 434 111 restis,
458 39 513 93 sed
538 39 684 113 Θησεῖὸαι
704 39 844 100 iroruines
868 41 977 104 solum.

9 152 54 219 13.
94 152 160 215 lani
183 152 246 215 alio
269 152 400 213 transire
422 154 543 229 paranti
566 163 748 218 suoourrunt
776 158 893 239 aliquot
921 178 978 223 so-

12 254 138 331 formae,
159 248 198 312 de
220 250 331 330 quibus
353 256 490 311 ueterum
505 254 678 314 sententiae
692 254 721 314 in
737 253 889 319 diversum
909 266 979 320 ten-

9 348 192 413 llreodosius
218 347 272 410 illo
302 347 373 409 loeo
404 363 494 426 quern
524 356 553 421 §.
578 350 603 413 1.
625 350 767 433 indicari,
792 352 883 416 tradit
904 351 978 437 ὄφις

9 447 75 530 diei,
90 446 121 486 ω
148 446 289 509 lenrinarn
311 440 431 525 ἔχιδνα,
462 444 609 510 Aelianus
631 465 706 511 vero
727 448 762 512 ll.
783 452 861 513 Ann.
891 452 926 516 ll.
947 452 977 518 9.

9 542 79 627 ἔνης
105 543 138 607 οἱ
162 538 220 625 μὲν
246 544 290 629 τῷ
318 537 397 623 γένει
423 538 596 625 διαφέρειν,
631 538 670 606 οὐ
690 540 796 625 μέντοι
822 548 860 629 τῇ
883 545 988 630 φύσει·

10 636 51 706 ὸν
78 636 135 724 μὲν
154 634 215 722 γὰρ
235 634 315 704 εἶναι
341 637 472 719 dodoau,
499 636 559 723 erlo
579 637 613 704 δὲ
632 638 778 724 θήλειαν,
808 660 887 723 quae
908 648 978 728 ipsa

17 740 157 819 ambigna
178 745 251 802 sunt
272 755 428 819 saepeque
443 755 506 802 non
526 755 620 803 senus
638 740 693 804 sed
708 742 841 823 speeies,
863 750 895 806 ut
918 760 977 807 an-

16 888 24 920 ,
50 836 229 917 signideant.
269 836 322 900 Sie
344 837 458 902 Strabo
478 836 540 901 XV.
562 837 631 901 706.
653 846 759 902 narrat
781 838 895 902 alieubi
920 838 978 923 ἔχι-

10 952 62 998 laur
83 937 181 999 risam
203 951 275 999 esse
303 950 415 997 noveru
445 935 617 998 cubitorum
650 934 707 998 sed
739 931 813 1016 ἔχεις
842 934 979 1015 πολλοὺς

10 1055 16 1101 ι
37 1034 76 1097 el.
98 1033 258 1114 Sprengel.
280 1032 317 1097 ad
341 1033 446 1096 Diose.
470 1051 499 1114 p.
519 1032 590 1096 429.
632 1031 748 1096 Poetae
771 1051 845 1098 vero
876 1030 895 1119 ἡ
917 1034 978 1119 ἔχις

10 1153 48 1194 να
63 1137 225 1213 usurpant,
245 1146 345 1209 neque
364 1131 537 1192 terminatio
557 1128 701 1193 indicium
719 1134 864 1215 praebet3
887 1152 978 1201 narn-

10 1246 52 1293 rm
72 1229 171 1292 simile
194 1235 242 1291 est
263 1228 377 1291 herbae
401 1244 513 1291 nonren
534 1223 649 1308 ἅραχος
671 1234 701 1291 et
723 1222 889 1312 ἄρέχιόνα,
920 1234 977 1299 sed

10 1344 48 1391 ue
68 1328 224 1391 nesoirnus
248 1325 319 1405 quid
341 1326 468 1389 dillerat.
510 1325 611 1388 Latini
638 1325 759 1405 quidern
780 1325 840 1410 ἔχις
858 1333 889 1393 in
912 1350 978 1396 uo-

10 1430 132 1505 rterunt,
154 1423 233 1486 unde
257 1422 452 1486 denominata
474 1429 523 1486 est
544 1422 678 1502 anguilla
698 1424 814 1505 touque
837 1434 978 1509 eoqnota

10 1522 149 1586 eluven.
162 1522 196 1585 V.
214 1520 281 1584 103.
303 1538 382 1601 quae
402 1538 514 1601 graeee
533 1516 652 1602 ἔγχελυς
674 1520 785 1586 dieitur
806 1525 845 1589 ab
867 1527 976 1592 eodem

10 1638 43 1702 n,
74 1626 108 1683 ut
129 1625 259 1699 apparet
286 1636 324 1682 en
347 1619 451 1683 tabula
472 1637 550 1700 quae
573 1626 621 1682 est
644 1619 682 1682 de
705 1619 819 1684 Cadrno
843 1630 874 1685 et
894 1625 977 1687 liar-

10 1716 40 1781 rd
67 1716 278 1780 Enelrelenses
309 1718 494 1780 transvectis
522 1717 626 1797 ibique
650 1719 681 1780 in
702 1734 819 1798 angues
842 1723 976 1790 mutatis.

10 1832 59 1879 ins
80 1814 248 1895 singularia
268 1814 321 1877 illa
341 1822 412 1878 sunt
434 1815 580 1878 rnotionis
603 1815 744 1895 exempla
763 1813 857 1901 γέρην
878 1812 898 1902 ἡ
919 1815 977 1904 θή-

10 1934 92 1987 revoc
112 1912 179 1976 Ael.
200 1912 327 1991 Dionys.
355 1931 403 1994 ap.
424 1915 510 1977 Eust.
532 1913 603 1996 231,
624 1915 673 1979 35.
700 1915 813 1996 χλωρίς
838 1909 977 2000 (illelius

10 2006 45 2074 dv
65 2006 98 2074 dl
119 2007 234 2089 ἄρῤενα
253 2011 415 2091 χλωρέωνα
435 2012 563 2075 καλοῦσι
584 2011 703 2075 ΑθΙίιιιι.
719 2013 753 2076 H.
769 2016 847 2077 dnn.
862 2016 910 2080 1v.
925 2017 975 2081 47.

11 2128 52 2173 ιιιι
65 2109 145 2172 hune
158 2108 364 2174 Solrneiderus
383 2110 512 2188 turpiter
523 2125 647 2172 errasse
662 2110 817 2173 insimulat
836 2110 976 2193 idemque

14 2224 33 2270 o
56 2207 185 2271 Plinium
207 2208 340 2286 castigat
361 2206 444 2287 quod
466 2205 592 2289 pardum
620 2223 734 2269 rnarenr
762 2224 834 2269 esse
856 2206 976 2291 dixerit,

11 2321 52 2367 ιιιι
80 2306 230 2368 seminani.
281 2305 352 2367 llilri
381 2323 455 2368 uero
484 2306 532 2368 luis
562 2305 767 2385 temporibus,
799 2305 911 2385 quibus
940 2321 979 2369 en

11 2411 72 2465 late
87 2405 191 2482 graeei
206 2404 357 2466 serrnonis
372 2403 422 2464 rix
439 2403 555 2482 aliquot
570 2402 741 2465 tesserulae
755 2402 882 2464 relielae
897 2410 978 2485 sunt,

11 2518 54 2563 unr
75 2501 194 2563 ridetur
214 2509 324 2563 eontra
346 2502 489 2579 antiquos
513 2500 699 2563 contendere
721 2502 892 2579 scriptores
916 2501 979 2564 lin-

11 2601 95 2660 uriae
119 2599 324 2661 moderandae
354 2599 496 2659 arbitros
539 2602 584 2659 Ae
607 2601 634 2660 si
656 2599 747 2677 uulgo
769 2601 925 2679 πορφυρίς
947 2608 978 2662 et

11 2719 57 2757 ων
72 2699 170 2758 ιιιιιιιιι
185 2697 373 2758 diuersarum
389 2698 472 2757 lutere
485 2696 636 2758 voeabula
654 2697 763 2758 Athen.
786 2697 854 2757 3¹22.
868 2698 901 2757 E.
925 2704 977 2757 aut
