2648 4756
168 344 239 410 sos
334 294 341 312 ⁶
523 329 847 401 orssrerirro
888 330 926 395 x.

171 504 242 590 ¹129,
263 504 313 570 38.
336 499 379 578 ὡς
398 523 484 583 παρα
468 493 540 564 τὸ
562 492 684 579 Βάκχος
704 491 820 576 Βάκχις
838 493 893 559 καί
914 492 1042 570 Κύκνος
1055 489 1204 569 Κύνιας21
1219 493 1273 559 καί

171 603 269 687 όῆμος
288 603 352 682 (vel
373 600 496 680 Δημος)
517 597 620 678 Δῆμις
638 591 692 657 καί
712 595 822 674 Δᾶμις,
844 591 929 658 οὕτω
949 590 1082 677 οιραιός
1107 590 1275 673 (repexos)

170 697 307 783 Σιρύτις
326 695 380 763 καί
399 695 583 782 πλεονασμῷ
604 688 764 776 Στράττις,
784 694 988 776 similiterque
1007 695 1121 776 θούρις
1140 686 1206 755 dne
1224 700 1278 756 sod

171 799 293 879 θονρος
312 797 477 878 γίνεται).
499 795 570 875 4Ἱ5,
591 793 642 856 ir.
681 790 749 855 ricc
769 795 889 857 ratione
909 788 1038 874 Γύμνις,
1052 787 1181 874 Δέίφις,
1203 786 1279 873 Δόρ

173 917 232 973 αις,
258 891 384 978 Θύροις,
407 890 558 972 Κάλαμις,
580 893 701 974 Κῇιιις,
723 885 838 971 Λύκις,
862 888 991 972 Μύρτις
1010 893 1098 956 liem.
1118 890 1194 955 Cor.
1214 891 1281 957 325

178 989 319 1075 Πόταμις
341 990 475 1071 Thucyd.
496 990 572 1053 Viti.
592 988 643 1055 85.
656 985 767 1070 “ipsis
787 997 818 1054 ct
841 987 1001 1072 Πόλομνις
1018 990 1113 1054 Peos.
1142 984 1282 1071 Σφόίρις

176 1092 323 1172 ΔροΜοιι.
347 1091 368 1154 l.
392 1089 480 1154 1041.
502 1086 606 1161 Ξεῖνις
624 1088 720 1151 luscr.
742 1088 849 1153 Nerei.
869 1087 946 1152 XIV.
969 1087 1040 1153 498
1054 1083 1181 1170 Φόρμις
1194 1089 1279 1153 Peus.

178 1190 217 1254 eb
240 1188 434 1271 appellativis
455 1194 486 1250 et
507 1186 643 1267 propriis
664 1172 937 1259 indeterminatio
956 1181 1092 1267 Δέλφος,
1118 1181 1283 1268 licitum

178 1295 210 1352 et
231 1287 360 1368 ceteris,
386 1301 467 1364 quee
495 1287 527 1347 iu
554 1283 653 1347 oculis
681 1284 889 1367 pecussum,
917 1285 1017 1365 repeti
1047 1284 1146 1365 licet;
1169 1280 1279 1366 Χύρμις

179 1384 343 1465 dupliciter
364 1399 384 1445 a
404 1377 532 1464 Χάρμος
552 1387 584 1445 et
605 1375 726 1463 Χόρμη,
747 1397 817 1445 uem
839 1383 984 1446 feminina
1007 1398 1137 1464 quoque
1163 1383 1204 1449 ed
1226 1384 1281 1448 de-

177 1480 337 1546 n'reudum
359 1486 445 1561 epte:
465 1473 552 1562 παρὰ
576 1473 613 1541 τό
639 1474 720 1560 γονή
746 1481 855 1561 γυννίς
877 1475 921 1555 ός
945 1476 1052 1563 όύονρ
1079 1477 1211 1564 Δάφνις
1233 1479 1284 1547 sel

177 1575 287 1662 νύμφη
309 1574 441 1661 Νύμφις
460 1578 526 1642 ΕΜ.
548 1575 618 1641 243.
640 1576 752 1656 quibus
773 1579 883 1642 similia
903 1584 978 1644 suut
996 1572 1126 1661 Αἶχμις,
1148 1577 1284 1661 Μόλπις,

40 1740 45 1747 ,
176 1672 305 1758 Μοῖρις,
328 1680 449 1758 ὶῖιιιίις,
470 1669 589 1755 αόύρν
608 1676 728 1757 Δοῦρις
746 1674 812 1740 ΕΜ.
833 1677 905 1760 247,
924 1676 975 1743 35.
993 1678 1135 1742 everbis
1159 1675 1285 1762 Πρᾶις,

177 1780 303 1856 Χαῖρις,
340 1771 463 1852 rime,
495 1770 624 1847 Σόιέλλις
650 1773 792 1838 Perttreu.
820 1791 847 1839 c.
877 1772 924 1839 19.
950 1780 984 1838 ut
1005 1791 1023 1838 e
1044 1775 1173 1858 οίνομαι
1198 1780 1284 1853 otene

177 1875 292 1939 tiorum
321 1873 477 1953 plerisque
506 1876 685 1951 conjuncte
698 1879 770 1937 suut
796 1874 921 1935 uomiue
949 1872 982 1936 iu
1006 1892 1059 1946 νας
1080 1882 1113 1938 et
1135 1898 1196 1955 ιας,
1217 1883 1286 1961 Δρ-

179 1966 263 2053 μίας,
286 1965 410 2048 Ξενίας,
433 1966 574 2050 Χαιρέας,
601 1971 739 2048 Τελλίας,
768 1969 824 2033 sed
844 1972 923 2033 retio
945 1987 1009 2033 uon
1028 1977 1077 2035 est
1098 1988 1159 2037 our
1184 1972 1284 2052 linig

179 2069 218 2132 eb
240 2069 301 2133 hoc
321 2071 535 2152 potiusquam
558 2087 577 2134 e
603 2065 715 2141 Ίῖίλος
735 2067 818 2145 (uam
846 2068 878 2132 id
906 2085 1030 2150 quoque
1058 2074 1219 2156 noscitur)
1239 2077 1285 2140 rel

181 2169 317 2249 abipso
346 2169 442 2232 verbo
470 2169 636 2233 derivatum
664 2171 822 2246 putemne,
851 2182 889 2228 ec
918 2183 957 2229 ue
985 2166 1061 2230 illud
1082 2171 1210 2249 quidem
1231 2191 1285 2256 pro

180 2271 359 2345 argumento
381 2267 461 2330 velet
483 2265 565 2347 quod
580 2264 683 2330 schol.
701 2261 786 2326 Piud.
809 2264 894 2329 Nem.
916 2265 990 2328 Vlll.
1014 2265 1040 2329 1.
1062 2272 1176 2332 Δεῖιαν
1195 2280 1286 2335 vocet

178 2378 268 2443 quem
301 2370 395 2443 poete
424 2365 567 2441 Δεινίαν,
596 2363 737 2443 idemque
765 2359 857 2425 homo
884 2357 1023 2440 Ἀναξίας
1052 2375 1083 2429 et
1102 2362 1236 2446 ’Ἄναξις
1257 2389 1282 2435 ι.

182 2462 315 2525 Siebclis
337 2459 376 2523 ad
396 2461 488 2526 Peos.
509 2463 545 2525 li.
568 2462 618 2545 22,
639 2462 668 2526 6.
689 2460 806 2524 archoo
828 2462 941 2524 atticus
955 2458 1097 2543 Δόμααις
1115 2467 1191 2533 Scit
1204 2468 1283 2532 liud

183 2561 360 2639 indigum.
383 2559 467 2637 l’qili.
494 2578 522 2640 p.
546 2559 615 2623 298.
638 2565 668 2621 et
690 2558 794 2639 paullo
818 2566 889 2621 ante
909 2562 1072 2641 Δαμασίας
1093 2570 1129 2626 ut
1151 2567 1185 2628 iu
1204 2584 1283 2630 rurr-

181 2674 267 2721 more
290 2658 398 2735 l‘ario;
421 2658 553 2737 inclytus
576 2659 712 2720 urinator
733 2658 889 2730 ὶόιολλίας
910 2666 940 2720 et
961 2655 1096 2733 Σκύλλις
1109 2681 1140 2724 v.
1158 2664 1280 2746 interpr.

183 2754 222 2819 ed
248 2755 362 2818 Herod.
391 2755 465 2818 ilii.
487 2755 516 2820 8.
545 2771 615 2817 uem
642 2754 692 2817 hic
721 2754 800 2817 idem
821 2752 963 2830 Σκύλλας
991 2757 1103 2822 dicitur
1124 2763 1219 2826 Antii.
1239 2763 1281 2827 ut

183 2853 253 2920 296.
276 2860 307 2917 ct
328 2850 429 2927 Λύκις
450 2854 527 2916 elias
548 2848 656 2925 Λύκος
677 2870 703 2914 v.
724 2851 829 2915 Schol.
850 2857 942 2920 Arist.
964 2858 1059 2921 itanu.
1084 2860 1132 2923 14.
1157 2867 1190 2923 ut
1208 2858 1282 2941 Φόρ

181 2973 232 3033 μις
252 2960 347 3034 poete
369 2953 511 3016 scenicus
533 2969 581 3031 up.
604 2949 720 3015 Suideu
744 2945 884 3033 Φόρμος,
907 2961 937 3017 οι
958 2956 1067 3018 fluvius
1089 2959 1231 3037 Σααρος
1249 2996 1283 3006 -

182 3044 200 3112 ὁ
224 3046 415 3130 Γεωγραφος
435 3049 567 3127 Σίλαριν
588 3049 674 3112 Eust.
696 3046 735 3110 ad
755 3049 845 3112 Dion.
867 3050 936 3116 358.
978 3053 1055 3116 iiiuc
1084 3060 1284 3138 consequitur

185 3146 310 3226 Κτῆσις,
336 3147 444 3220 Ζῶσις,
468 3147 564 3218 Νῑκις
583 3153 640 3211 eto.
663 3164 682 3210 a
703 3148 827 3226 Κτῆσος
847 3150 911 3214 ΕΜ.
929 3154 1050 3229 Σῶσος,
1072 3155 1147 3236 νίκη
1174 3156 1226 3219 vel
1246 3164 1284 3219 vi

183 3264 238 3316 κος
258 3259 321 3304 nou
344 3243 466 3321 longius
489 3244 602 3308 abesse
624 3262 713 3325 quam
736 3246 775 3308 ab
796 3246 844 3309 iis
866 3266 944 3328 quae
966 3253 996 3314 iu
1009 3238 1061 3326 ἧς
1076 3255 1284 3336 terminentur,

183 3340 256 3404 licet
278 3340 403 3403 Graccis
427 3357 611 3405 concessum
632 3344 723 3406 luerit
750 3344 878 3409 eundem
908 3349 1060 3413 hominem
1088 3369 1173 3415 uuuc
1196 3356 1284 3418 Sosin

184 3438 286 3502 dicere
308 3454 388 3500 nuuc
411 3440 532 3502 Sosium
563 3440 731 3522 eodemque
761 3444 850 3507 ctiam
879 3449 1136 3526 appellativorum
1167 3453 1284 3515 llectcrc

185 3539 296 3619 exitus,
318 3536 570 3616 quemadmodum
590 3540 767 3605 Herodotus
800 3543 875 3606 dixit
901 3541 957 3607 ἐὰν
981 3543 1107 3628 τρόφιες
1137 3544 1285 3628 γένωνται

183 3635 351 3715 eodemque
379 3635 537 3699 intellectu
570 3655 631 3718 quo
659 3641 784 3721 τροφίαι
806 3648 836 3703 ct
858 3656 954 3721 equus
976 3645 1042 3708 duri
1065 3648 1132 3709 oris
1157 3657 1189 3711 et
1212 3666 1286 3711 cou-

185 3741 289 3799 tumex
317 3728 421 3814 οιόμις
450 3742 617 3816 usurpetur
653 3745 683 3798 et
710 3738 851 3817 οιομίας,
882 3742 978 3820 piscis
1007 3743 1086 3806 idem
1113 3742 1234 3824 θρύνις
1260 3754 1286 3809 et

183 3833 331 3914 θρανίας,
359 3831 534 3897 sellularios
561 3830 642 3915 ἕὸρις
671 3826 689 3897 ὁ
717 3829 838 3916 ἑδραῖος
866 3845 896 3899 et
924 3847 1034 3904 ventus
1063 3839 1171 3924 ἑόρόας
1199 3839 1219 3908 ὁ
1244 3839 1286 3907 ἀεὶ

183 3924 287 3991 πνέων
308 3932 380 3994 lles.
402 3925 604 4009 ὠτοκάταξις,
629 3932 711 4012 quotl
732 3935 828 3999 semol
849 3936 976 4018 legitur,
1008 3948 1038 4003 et
1066 3935 1285 4022 ὥτοκαταξίας,

249 4129 295 4195 27)
319 4130 366 4217 ¹Sic
385 4130 532 4188 lisineiius
560 4136 672 4189 correxit
689 4135 715 4188 iu
735 4134 799 4190 liist.
821 4135 892 4192 Com.
911 4140 970 4197 222.
989 4155 1036 4209 pro
1054 4141 1165 4212 Κρόνος
1182 4146 1283 4216 ripere.
