2648 4756
180 348 249 419 m
536 340 864 411 otssttttunuto
893 342 932 410 ll

180 512 323 593 Moritur
341 516 490 593 uocatur,
510 508 590 572 eiius
610 503 757 591 Mordipc
776 526 805 573 r.
826 508 932 575 rimu
951 508 1095 573 ursum.
1118 525 1149 590 p.
1170 510 1218 575 10.
1240 512 1285 575 tu·

179 614 335 690 tinumque
354 608 480 689 nuptum
501 613 533 672 et
552 606 680 687 nnitpius
700 608 768 671 sivo
787 606 924 671 mutulus
936 624 1053 689 gracco
1070 603 1156 689 μύαξ
1169 626 1282 689 cogno-

178 718 241 772 tum
261 716 292 772 et
308 708 463 773 diuersum
484 706 556 771 huic
576 706 679 786 genus
698 705 814 787 Popiee
835 722 1006 785 cognomen
1019 706 1149 770 itutiius
1171 724 1190 770 n
1210 709 1282 772 itio-

178 807 256 871 doro
277 808 311 871 t.
333 806 479 872 miii.
495 806 614 885 tregru.
636 822 666 885 p.
685 804 753 869 tot.
777 803 811 867 Τ.
827 802 864 868 Χ.
882 806 949 887 Bip.
971 800 1122 880 Μότυλος
1138 809 1281 888 scriptum

176 908 308 989 propius
327 904 598 987 memphitico,
625 902 808 983 quibuscum
831 903 1020 968 conferendo
1040 913 1114 968 sunt
1137 906 1283 969 substan-

176 1008 240 1070 tive
267 1001 358 1087 μὺιις
378 1012 410 1069 et
429 1004 526 1085 piune.
568 1000 631 1065 Sed
652 1001 736 1081 quod
757 1000 963 1065 Doederiinus
983 1004 1015 1065 in
1037 1004 1157 1084 Spnon.
1182 1005 1214 1067 T.
1236 1005 1280 1067 tu.

176 1105 249 1171 too.
278 1122 305 1169 s.
333 1102 409 1184 iipit
434 1100 527 1165 edicit
553 1098 698 1180 opsiton
724 1115 879 1180 nunquam
906 1100 1055 1183 deinceps
1082 1104 1227 1167 iteratum
1253 1110 1282 1166 et

175 1204 248 1269 idoo
269 1221 320 1287 ep.
343 1200 530 1281 desponiun
556 1215 614 1280 pro
629 1193 768 1280 ‘ipdtoo
794 1193 879 1279 ὑγιές
900 1200 1096 1265 scribendum
1119 1219 1194 1265 esse
1215 1194 1282 1283 ipi-

176 1306 250 1383 too,
272 1304 421 1368 evertitur
441 1297 583 1378 exempto
604 1296 749 1377 adjectivi
768 1293 884 1378 γλυκύς
904 1305 936 1361 et
949 1302 1195 1379 compositorum
1209 1305 1282 1382 pto-

175 1400 337 1485 κύμυθος,
365 1394 525 1479 mimos
544 1404 604 1460 etc,
627 1397 792 1477 veriorque
812 1395 934 1460 uidetur
953 1398 1104 1477 Stephani
1127 1402 1278 1464 correctio

173 1497 313 1585 dprpido.
354 1499 510 1577 Deinceps
531 1493 681 1576 agendum
701 1502 750 1557 est
772 1494 810 1558 de
830 1496 960 1579 uocalis,
980 1513 1060 1577 quae
1082 1514 1211 1562 causum
1234 1501 1279 1562 ie-

175 1604 235 1684 cit,
261 1601 329 1663 siro
356 1595 539 1679 pioouesmo
560 1594 627 1657 siue
649 1592 766 1675 ellipsi;
804 1610 874 1657 unm
895 1594 927 1658 id
946 1594 1082 1659 discerni
1103 1597 1279 1680 pierumque

173 1700 289 1780 nequit.
325 1694 402 1771 Quis
430 1692 510 1756 enim
531 1690 643 1755 dixerit
669 1698 770 1755 utrum
791 1695 947 1774 antiquius
969 1696 1077 1776 tuerit,
1107 1694 1279 1760 Kaorritoo

173 1814 214 1861 uu
236 1789 411 1857 Kierion?
453 1792 488 1855 Si
509 1797 629 1874 tomen,
660 1798 694 1854 ut
720 1798 844 1856 ueteres
864 1793 1082 1875 instituerunt,
1110 1798 1215 1859 omnio
1241 1795 1277 1860 od

172 1906 364 1961 communem
384 1886 505 1952 dicendi
526 1888 780 1953 cousuetudinem
808 1899 952 1971 tauquam
974 1891 1012 1954 ed
1033 1908 1175 1957 normam
1196 1897 1277 1958 reie-

170 1994 278 2072 rimns,
296 1982 415 2071 κεφαλή
439 2003 496 2067 pro
517 1988 622 2050 nativo
644 1989 823 2071 accipietur,
845 1984 936 2071 κεβλή
959 2005 1015 2069 pro
1037 1991 1188 2055 edocto.⁸
1217 1993 1276 2058 Sed

171 2091 256 2156 nnita
268 2084 443 2169 huiusmodi
460 2086 581 2148 untione
596 2085 698 2148 nitens
710 2084 892 2151 Eustothius
908 2106 937 2168 p.
955 2088 1026 2171 973,
1039 2089 1089 2154 30.
1112 2088 1224 2173 σιφλός
1240 2109 1276 2155 ex

170 2190 421 2264 pholoromum
442 2200 516 2248 esso
536 2181 674 2247 decernit
701 2187 844 2269 συγκοπῇ
865 2184 918 2248 καὶ
937 2190 1060 2271 τροπῇ”
1087 2205 1225 2271 suosque
1244 2193 1275 2254 in

169 2297 278 2373 portes
298 2287 391 2352 traxit
404 2283 615 2349 itunnteninm
629 2282 728 2363 Epist.
749 2283 816 2349 166.
839 2286 898 2348 etsi
919 2285 981 2348 troc
1002 2294 1128 2366 praeter
1149 2288 1274 2369 glossa·

168 2391 217 2455 riu
237 2387 334 2453 semol
355 2390 471 2448 tontum
492 2383 605 2462 legitur
629 2381 660 2444 in
686 2398 780 2445 vorsu
800 2384 899 2463 ignoti
920 2390 1048 2468 poetae,
1076 2386 1153 2451 iilud
1175 2397 1272 2452 nutem

170 2488 298 2567 saepius
325 2481 406 2563 opud
434 2479 679 2562 dienondrinos‚
707 2485 739 2542 et
760 2481 886 2546 uerbum
907 2486 1043 2563 σιφλοῦν
1061 2484 1094 2545 in
1116 2485 1271 2549 homerico

168 2587 240 2649 loco
262 2583 295 2645 li.
318 2580 394 2644 xiv.
419 2577 487 2642 142.
517 2584 667 2658 suspecto
689 2583 790 2642 temen
817 2585 850 2642 ut
872 2581 975 2644 Schoi.
996 2582 1073 2643 Vici.
1098 2585 1141 2646 eit
1167 2603 1272 2668 περισ-

169 2677 225 2755 σός
245 2674 264 2742 ὁ
285 2678 385 2758 στίχος
404 2672 458 2738 καὶ
477 2668 498 2756 ἡ
517 2669 596 2749 λέξις
614 2677 679 2737 τῶν
698 2672 863 2757 νεωτέρων.
912 2676 1047 2742 Eandem
1069 2696 1197 2749 consum
1218 2686 1272 2751 sod

168 2781 236 2848 sine
257 2783 390 2859 patrono
412 2774 476 2853 ugit
495 2773 702 2837 Biomiieidius
730 2791 822 2854 quum
842 2776 874 2838 in
895 2775 998 2840 Gioss.
1022 2777 1061 2841 ad
1081 2781 1181 2861 Agam
1201 2784 1269 2849 318.

168 2873 271 2963 φύτλη
299 2893 336 2940 ex
360 2874 486 2951 antiquo
507 2888 585 2935 voco
605 2867 742 2954 φυιάλη,
772 2866 860 2953 cujus
881 2875 996 2939 nulium
1021 2892 1152 2957 usquam
1174 2884 1271 2945 uesti-

167 2979 249 3058 gium
271 2977 411 3056 apparet,
439 2977 631 3033 contractum
654 2988 727 3036 osso
748 2971 915 3035 contendit.
965 2973 1085 3038 Etenim
1106 2977 1184 3041 hoco
1208 2989 1270 3044 ter-

168 3074 294 3138 minatio
323 3073 369 3135 sic
390 3075 425 3132 ut
445 3069 525 3132 oliuo
546 3070 573 3132 oi
596 3069 703 3132 afflues
726 3071 874 3151 stirpibus
896 3071 1116 3137 uocabulorum
1139 3077 1271 3158 subjun-

167 3172 248 3252 gitur
268 3169 361 3232 modo
382 3169 460 3248 ipsis
473 3163 594 3248 μάχλος,
616 3163 766 3246 στρεβλός,
786 3164 909 3249 quirico,
932 3162 1035 3249 ἀχλύς,
1058 3172 1150 3236 modo
1174 3178 1269 3241 iuter-

114 3328 116 3333 .
167 3268 271 3351 posita
298 3265 400 3329 vocali
425 3261 584 3343 Φύταλος,
609 3260 784 3346 στρόφαλος
811 3274 870 3330 eto.
902 3286 930 3330 v.
952 3268 1064 3332 Pnrull.
1086 3270 1158 3335 436.
1203 3275 1267 3350 Quo

165 3368 197 3431 iu
217 3380 332 3446 genere
345 3374 451 3445 nequo
465 3362 578 3444 ingere
592 3364 776 3444 pormissum
791 3373 839 3429 ost
853 3384 931 3446 quae
949 3375 1028 3432 toste
1046 3375 1154 3432 carent
1170 3389 1268 3454 noque

163 3482 273 3529 rursus
299 3463 387 3527 fldem
408 3461 559 3543 derogare
581 3463 714 3527 testatis.
763 3463 884 3527 Etenim
906 3467 1100 3545 reperiuntur
1122 3474 1267 3536 nonnullo

166 3563 317 3645 duplicem
339 3561 468 3624 formum
488 3561 600 3626 sortita
619 3555 751 3642 ἅστλιγξ,
771 3556 904 3643 ἄστριγξ,
926 3559 1047 3645 deripi
1068 3572 1099 3629 et
1116 3561 1264 3652 ὀστάλιγξ,

164 3679 244 3745 quno
271 3660 525 3741 significationem
560 3660 695 3724 tortuosi
727 3658 842 3724 hubent
870 3678 888 3725 e
918 3664 1014 3729 verbo
1045 3661 1171 3748 στρέφω
1202 3671 1265 3733 siue

228 3908 259 3976 Β)
277 3905 369 3970 'indii
396 3905 543 3973 Hesychius
566 3904 641 3961 odero
664 3908 734 3964 idem
760 3908 910 3976 significans
936 3915 1014 3978 atquo
1035 3912 1112 3979 ῑξιὶλη
1133 3920 1262 3974 aurursus

162 3991 272 4046 tituto,-
291 3988 387 4056 ιροχός
404 4004 450 4055 pro
468 3987 564 4047 κύκλος
581 3991 679 4059 circus,
700 3993 826 4057 circulus,
845 3999 873 4045 ut
889 3993 1001 4048 videtur.

227 4072 257 4141 9)
280 4072 491 4137 Substantiuum,
512 4071 548 4128 do
572 4087 625 4140 quo
648 4074 777 4143 loquitur,
802 4077 828 4127 in
846 4075 921 4129 codd.
941 4079 1069 4133 nonnuliis
1086 4081 1263 4152 Lycophronis

162 4156 261 4225 etp-ior
277 4160 304 4211 et
322 4154 441 4221 rtpptoc
460 4156 583 4222 scriptum
601 4161 643 4213 ost
659 4163 688 4212 ut
704 4170 772 4212 nunc
790 4158 884 4214 dicitur
901 4161 1015 4227 rttpnta
1033 4178 1080 4231 pro
1097 4165 1235 4233 iippitudo
