2648 4756
104 280 128 349 s
191 260 211 349 ⁹.
470 274 793 345 nrssnurtrro
828 275 849 340 u

105 439 220 528 ὁμοίως
241 440 325 509 suin.
345 435 499 523 γάργαλος
518 438 571 507 καὶ
591 436 728 523 ναργάλη
748 439 886 507 Erotion.
906 432 1069 520 νὸσνμβος
1091 435 1147 503 nod
1163 460 1209 504 κο-
1252 442 1261 605 j

105 537 208 625 σάμβη
230 540 313 607 Suid.
334 534 425 604 καλοά
444 537 498 605 καλ
515 537 622 615 καλιάς
642 540 718 605 Poll.
737 536 856 605 11160.
890 533 1031 619 Ὅμηρος
1052 530 1113 603 τὸν
1132 534 1210 620 παρά

104 655 167 709 τισι
186 635 320 705 κότυλον
342 631 437 722 (eddon
448 641 611 722 ποτηρίου)
633 633 769 720 κοτύλην
788 636 889 718 εἴρηκε
909 637 1019 703 Athen.
1033 637 1089 705 XL
1101 638 1207 707 4786.
1255 608 1263 715 λ

106 735 243 822 κύναρος
269 735 291 823 ἢ
311 734 433 820 κυνάρα
460 737 546 802 nost.
570 738 658 820 1822,
680 736 729 801 23.
756 731 878 818 μέλινος
898 733 950 798 καὶ
969 736 1081 819 μελίνη
1102 736 1209 803 Anecd
1261 792 1263 811 ,

106 838 202 906 Beki.
222 839 292 904 278.
320 837 450 910 οἴσικιος
477 833 497 917 ἢ
518 833 631 918 οἰσύτη
652 831 802 916 ἑκατέροις
821 829 937 915 λέγεται
962 834 1107 900 Erotion.
1126 837 1213 900 ιττοία

109 934 131 1021 ἢ
151 941 257 1011 modos
277 932 416 1019 θόρυβος
436 935 569 1015 Hcsyob.
599 929 764 1018 ἀρσενικῶς
785 928 803 997 ὁ
824 934 949 1015 σαῦρος,
970 927 1095 1014 λέγεται
1114 929 1144 997 δὲ
1162 932 1213 997 καὶ

108 1029 130 1120 ἡ
158 1031 261 1115 σαύρα
289 1035 392 1100 Sobel.
422 1035 551 1098 Theocr.
572 1033 633 1097 VII.
655 1033 684 1098 2.
717 1027 794 1113 τύλη
822 1029 874 1095 καλ
900 1027 992 1107 τύλος
1022 1033 1100 1097 Scin
1127 1035 1215 1097 Arist.

111 1135 188 1200 Acb.
208 1134 281 1202 868.
308 1127 391 1216 oete
416 1126 515 1205 ὕαλος
541 1131 625 1197 Suid.
652 1133 753 1214 χῶνος
779 1128 832 1195 καλ
859 1127 944 1215 χώοη
972 1131 1076 1197 Cram.
1107 1132 1214 1198 Auecd

110 1234 146 1299 u.
170 1233 221 1317 66,
244 1234 272 1298 7.
314 1232 399 1297 ilaec
419 1231 513 1312 igitur
540 1230 568 1293 si
589 1229 892 1312 Glosscgrapborum
915 1232 1136 1295 examinantur
1155 1238 1212 1296 tru-

109 1333 174 1396 tina
205 1330 364 1415 populari,
399 1346 490 1412 quam
524 1345 620 1410 saepe
655 1331 809 1410 castigant
841 1330 1027 1394 eruditiores
1055 1348 1088 1396 v.
1118 1330 1216 1396 Lebra

111 1429 149 1497 dc
176 1432 271 1495 Arist.
290 1431 340 1494 44.
370 1428 648 1510 parascbematista
676 1432 756 1493 sunt.
811 1428 919 1511 Neque
946 1431 1047 1493 minus
1079 1446 1120 1493 ea
1147 1447 1216 1511 quac

111 1529 192 1613 apud
223 1528 365 1592 diuersos
395 1527 566 1608 scriptores
594 1525 673 1590 idem
703 1526 890 1608 significant:
924 1521 1022 1610 νομός
1049 1526 1221 1612 ποιητικόν,

111 1623 192 1712 vopei
212 1622 324 1691 κοινόν
351 1625 454 1692 Sobel.
477 1625 607 1689 Tbecor.
628 1624 704 1705 viii.
726 1625 775 1691 41.
805 1633 836 1690 et
862 1628 895 1691 in
916 1626 1049 1692 diuersis
1073 1626 1224 1714 diaiectis,

115 1728 197 1792 eicut
217 1727 384 1789 Atticistac
405 1721 546 1807 άσβολος,
566 1724 709 1803 abbatos,
730 1718 931 1809 ἀστράγαλος,
952 1721 1081 1806 πλάνος,
1107 1729 1227 1793 femini-

112 1825 162 1889 nis
176 1825 364 1909 pracierunt‚
386 1817 456 1906 ἠχή,
476 1819 626 1904 modiin,
640 1819 734 1907 μάλη,
749 1819 877 1908 ταραχή,
896 1821 1008 1904 ψύλλο,
1033 1827 1223 1912 masculinis,

112 1923 268 2005 iidemque
296 1923 406 1986 οἴσυον
434 1938 497 1986 non
518 1917 628 2000 οἱσύα,
659 1930 768 1985 contra
788 1939 864 1986 vero
886 1923 993 2006 λυχνία
1015 1940 1080 1988 uon
1102 1926 1223 2008 λυχνίον

113 2021 173 2087 dici
198 2021 328 2105 jubent,
356 2037 437 2102 quae
457 2037 531 2102 pars
554 2037 664 2101 magna
686 2021 885 2086 scribentium
913 2024 944 2086 iu
966 2024 1149 2104 promiscuo
1170 2025 1223 2089 ba·

114 2121 177 2185 bct.
225 2121 333 2201 Neque
361 2121 456 2183 Attici
485 2120 585 2183 solum
614 2117 670 2183 scd
694 2119 786 2183 Iones
813 2139 936 2202 quoque
957 2123 1110 2186 nonnulla
1131 2140 1225 2189 uoca-

114 2218 188 2283 buia
216 2218 339 2284 diuerso
370 2237 389 2282 a
417 2220 530 2283 ceteris
558 2235 672 2299 genere
699 2218 869 2301 protulisse
898 2219 1040 2283 dicuntur
1066 2222 1225 2288 intellectu

117 2316 226 2384 eudem
246 2324 281 2382 ut
303 2318 407 2384 Sobel.
425 2317 458 2382 ΙΙ.
475 2316 577 2381 xiiii.
594 2317 664 2383 551.
684 2314 838 2399 δρεπάνας
855 2316 1027 2390 λοννικῶς·2
1055 2309 1150 2386 οὗτοι
1170 2316 1226 2407 γάρ

115 2415 219 2482 πάντα
237 2412 405 2498 τρέπουσιν
425 2415 468 2490 εἰς
487 2412 626 2497 θηλυκά,
652 2413 770 2500 τάφρη,
792 2411 906 2499 κύρτη,
929 2407 1124 2503 ἆσαραγάλη,
1148 2439 1227 2505 quc·

114 2534 181 2582 rum
194 2518 331 2580 ultimum
345 2515 384 2578 ab
398 2516 596 2578 Anacreonte
616 2524 798 2598 usurpatum
821 2525 851 2580 et
874 2534 892 2579 a
912 2517 1070 2581 nonnullis
1092 2520 1226 2585 Homero

114 2616 176 2698 ipsi
205 2615 351 2679 tributum
380 2620 428 2677 est
457 2630 485 2676 τ.
513 2613 666 2692 Spitzncr.
695 2613 734 2678 ad
761 2614 795 2678 u.
824 2612 999 2681 16111188.
1033 2615 1161 2683 Jacobs.
1190 2614 1227 2683 ad

114 2713 206 2778 Antb.
227 2712 292 2780 Pal.
313 2711 383 2778 205.
412 2716 517 2775 cetera
546 2727 584 2774 ex
613 2710 762 2775 Herodoti
790 2713 878 2779 libris
906 2715 1034 2796 bansta,
1063 2717 1226 2798 inquibus

116 2809 214 2895 κάρτη
235 2811 331 2876 semel
353 2812 481 2891 iegitur,
508 2808 557 2872 bis
578 2826 653 2873 vero
676 2807 797 2894 τάφρη,
827 2812 910 2896 quod
929 2813 1095 2877 Jacobsius
1117 2814 1227 2878 Achilli

119 2912 208 2975 Tatio
230 2909 366 2992 impertit
386 2925 416 2990 p.
437 2907 510 2992 631,
539 2907 595 2972 sed
617 2906 715 2973 altero
738 2909 809 2975 ioco
830 2912 880 2977 iv.
900 2911 970 2977 201.
995 2911 1083 2977 codd.
1105 2912 1227 2994 quidam

183 3126 212 3196 2)
237 3127 330 3180 Atticis
351 3123 441 3183 tribuit
457 3122 568 3193 bicens3
592 3126 641 3182 sed
658 3127 707 3181 bos
727 3127 864 3197 δρέπανον
877 3124 1011 3196 praeferre
1032 3128 1111 3187 docet
1124 3129 1226 3186 biaetz-

119 3224 197 3266 nerus
223 3209 256 3263 ad
279 3209 390 3277 Lycurg.
414 3223 441 3275 p.
459 3207 518 3263 266.
539 3223 578 3277 sq.
607 3211 711 3264 omissis
734 3210 849 3265 Platonis
873 3210 949 3264 iocis.
1001 3210 1077 3278 Epioi
1102 3213 1137 3268 de
1162 3214 1227 3270 inice

118 3295 240 3349 vinitoria
258 3299 286 3348 et
304 3293 430 3347 messoria
447 3296 558 3359 unoque
576 3298 694 3360 utentum
724 3291 846 3362 άρετιάνη
866 3293 953 3356 Quint
976 3294 1006 3348 V.
1026 3296 1068 3351 58.
1092 3302 1143 3352 etc.
1170 3294 1228 3369 άρέ-

119 3394 208 3430 τιανον
226 3376 268 3431 lv.
285 3375 344 3433 426.
373 3373 684 3431 Antimaeb.Fr.1X1V.
710 3376 794 3430 Noun.
814 3376 926 3432 belll.
947 3379 1006 3434 441,
1031 3379 1077 3432 nbi
1104 3379 1171 3434 nibii
1196 3380 1229 3434 ad

120 3465 230 3514 metrum
253 3457 333 3514 refert
357 3456 390 3510 ci.
415 3455 522 3512 Jacobs.
547 3456 580 3511 ad
604 3458 681 3512 Autb.
701 3459 728 3513 P.
744 3458 785 3513 lx.
800 3460 859 3516 383.
872 3461 898 3516 9.
940 3462 968 3514 Si
988 3461 1048 3514 mibi
1068 3467 1230 3531 propositum

121 3543 214 3596 inisset
231 3536 264 3597 de
283 3556 408 3608 generum
428 3543 569 3596 mutatione
589 3556 622 3595 ex
642 3541 760 3609 professo
781 3558 869 3609 apere,
889 3557 904 3595 a
922 3544 1065 3612 disyllabis,
1083 3561 1153 3614 quae
1173 3549 1231 3617 pri-

120 3627 266 3681 mitivorum
285 3624 371 3677 iocum
390 3624 520 3689 obtinent,
540 3636 704 3692 separassem
723 3640 866 3693 paragoge,
886 3627 981 3694 quibus
1000 3630 1085 3694 mutor
1101 3644 1161 3683 cum
1180 3629 1231 3683 ad.

117 3711 223 3775 jectiuir
242 3705 384 3761 similitudo
404 3711 432 3761 et
450 3706 547 3759 iccirco
567 3720 648 3761 sexus
666 3707 800 3761 mobilior:
826 3707 929 3776 χιάνης
947 3710 1053 3778 pedico
1070 3713 1117 3763 καλ
1136 3712 1231 3780 ydem

121 3791 155 3843 τὰ
171 3789 291 3858 μέταλλα
309 3787 383 3843 Suid.
401 3785 502 3854 βοτάνη
522 3794 550 3844 et
567 3791 636 3858 apud
653 3794 814 3861 posteriores
830 3791 957 3858 μοίανον,
975 3791 1080 3858 άοκάνη
1096 3791 1230 3856 δάπανον,

121 3872 230 3944 θηγάνη
248 3870 388 3940 λάγανον,
413 3869 502 3939 λχιλνη
522 3871 640 3940 ὄχανον,
666 3872 773 3938 πατάνη
790 3871 928 3934 niumm,
955 3876 1071 3940 πτισάνη
1089 3881 1229 3939 nubem,

120 3953 242 4025 τρνιιάνη
264 3951 417 4025 τρύπανον,
445 3952 590 4023 ἀμπεχόνη
611 3957 779 4026 aperilem.
797 3984 832 3997 -
848 3959 966 4017 κάθαλος
982 3960 1102 4024 αλάόλη,
1130 3960 1229 4030 seprien-

120 4039 167 4097 λος
183 4035 302 4108 κροκᾶλη
320 4050 344 4091 v.
362 4036 469 4095 Jacobs.
489 4037 522 4092 ud
538 4038 616 4094 Anu.
634 4042 689 4096 rat.
708 4056 735 4110 p.
752 4041 812 4098 288.
836 4039 969 4112 ιιρὸταλος
985 4042 1129 4113 κρόταλον,
1147 4061 1229 4098 οιτον·

123 4120 190 4184 odic
210 4120 273 4188 (uisi
291 4121 418 4189 scriptura
438 4118 515 4188 iubet]
532 4120 691 4180 σκάνδαλον
705 4130 759 4184 etc
