2648 4756
80 332 130 397 DE
151 330 247 397 hort.
270 329 436 408 occubit
449 328 561 395 cuth
581 326 659 393 EST
673 325 880 394 cunutus.
903 328 935 394 C.
950 330 984 392 V.
1002 336 1032 404 §-
1045 330 1072 396 1.
1092 331 1162 399 893

55 512 121 563 rom
144 515 164 560 a
186 495 383 561 similitudine
403 494 468 559 suri
487 509 599 557 nonen
620 492 800 573 occepisse3
826 508 884 573 pro
905 508 967 573 quo
989 495 1082 559 etiam
1101 497 1163 561 hoe

58 596 163 661 afferri
191 601 299 676 potest
323 592 405 675 quod
431 586 453 675 ἡ
477 584 580 671 κνήμη
607 604 689 653 nunc
714 589 826 652 xovtov
850 597 882 653 et
901 590 1163 676 uotopoorddoepov

56 693 170 759 dieitur
189 710 219 756 u.
242 692 358 756 Comes
377 690 415 756 ad
435 688 556 755 heliod.
578 705 608 769 p.
627 687 694 753 115.
724 688 860 752 Haecin
882 691 1027 770 opinione
1049 697 1162 774 posita
1283 688 1286 693 ’

56 792 127 857 hiia
159 791 247 856 attuli
274 791 313 856 ad
337 790 448 853 Buttm.
476 788 560 853 433:
575 788 667 865 inque
694 786 744 850 his
775 803 875 868 pauca
900 804 920 851 a
945 790 1050 855 uerbis
1077 792 1162 859 deri—

56 898 130 953 uata
159 883 281 970 ναύτης
305 889 410 953 Liberi
431 887 530 967 patris
551 900 723 965 cognomen
743 885 836 947 huth.
859 885 908 949 tx.
932 884 1002 951 603.
1021 886 1163 975 medem

55 983 192 1070 ὲπηχώς
214 988 286 1051 Hes.
328 988 407 1051 Sunt
428 987 520 1049 etiam
542 983 837 1065 paraschematisto3
865 977 1084 1069 ἀσκαλαβώιης
1105 1008 1161 1071 pro

57 1081 233 1169 νἰσιιαὶλαβος
254 1091 286 1148 et
306 1083 389 1165 quod
411 1082 515 1147 Schdi.
536 1080 603 1146 Nic.
623 1080 676 1143 Th.
699 1079 769 1145 tet.
799 1083 912 1146 Atticis
933 1085 1083 1168 assignat,
1109 1110 1163 1169 pc·

57 1181 172 1267 λεώτης
192 1201 248 1265 pro
268 1176 387 1263 γαλεός.
414 1181 470 1245 hiis
490 1180 611 1243 aduena
631 1184 703 1241 sunt
725 1179 869 1243 feminina
889 1180 1059 1263 δενδρῶτις,
1080 1207 1165 1269 πυρ-

57 1285 151 1367 ρνῖιις
171 1289 230 1347 etc.
251 1285 382 1343 accentu
402 1278 547 1372 distin—eta
562 1277 601 1339 ab
615 1275 833 1340 homoteleutis
846 1278 957 1358 quuibus
969 1281 1053 1345 nulia
1068 1300 1163 1364 prae-

59 1382 174 1447 cedunt
191 1378 364 1444 masculina
382 1377 414 1440 in
433 1396 515 1458 αιιρς
535 1383 569 1439 ut
579 1369 724 1449 ‘Enoria
737 1376 893 1439 Minervae
907 1378 1066 1458 epitheton
1078 1379 1164 1473 παρὰ

58 1476 95 1543 τὸ
115 1474 183 1551 ἕλος
201 1473 225 1559 ἢ
244 1470 330 1557 παρὰ
355 1471 393 1537 τὸ
419 1469 496 1537 ἑλεῖν
515 1475 582 1539 Ehl.
602 1470 707 1553 ἐρωτίς
728 1475 842 1556 amica,
872 1478 1017 1556 Λαμωτίς
1036 1483 1122 1560 regio
1144 1500 1163 1549 a

58 1579 156 1641 Lumo
177 1576 279 1656 durio,
300 1577 333 1636 ut
353 1571 484 1653 uidetur,
505 1573 661 1655 appellata
681 1589 708 1636 v.
720 1572 890 1637 Tzschuek.
911 1573 950 1636 ad
972 1578 1073 1642 strab.
1087 1580 1163 1649 xit.

59 1673 132 1741 deo.
163 1673 204 1737 Et
225 1670 395 1735 masculina
417 1671 525 1734 tertiae
547 1671 762 1735 declinationis
781 1664 911 1752 audpop
923 1670 1085 1757 ιιορσωτήρ
1097 1678 1164 1743 niro

59 1765 246 1852 ιιαραατιύς,
266 1786 287 1832 a
305 1762 388 1849 χιλός
407 1764 539 1850 primario
559 1769 676 1833 hsceiia
697 1787 723 1833 s.
745 1769 930 1851 capistrum,
951 1786 972 1835 a
991 1769 1095 1854 σαύρα
1114 1776 1165 1841 rel
1272 1840 1277 1851 ,

61 1871 180 1949 σαῦρος
206 1865 300 1947 (unde
326 1862 552 1948 σαυροβριθὴς)
580 1862 824 1947 σαυρωτήρων.
867 1869 1021 1935 Feminiua
1048 1874 1165 1953 primae

61 1966 279 2033 declinationis
300 1964 429 2029 aberunt
449 1964 601 2029 Arcadius
623 1983 651 2046 p.
675 1965 743 2031 114.
765 1973 796 2029 et
815 1968 950 2047 Theogn.
973 1968 1040 2033 itt.
1060 1966 1099 2035 τὰ
1119 1974 1164 2059 τῷ

60 2072 87 2131 ὦ
114 2059 353 2145 παραληγόμενα
383 2059 548 2144 βαρύνεται
580 2060 746 2145 Κρνθώτη,
783 2060 949 2147 Περκώτη,
983 2066 1165 2155 Γεφυραὶιη,

63 2158 271 2247 Γιργλιμῶτη·
303 2156 340 2225 τὸ
360 2157 393 2224 δὲ
411 2157 552 2245 perhorrui,
574 2157 696 2242 ιιηρωτὴ
724 2155 864 2236 ὀξύνεται
890 2161 943 2225 καὶ
961 2159 998 2228 τὸ
1019 2166 1166 2253 οἰσπνιιὴ,

62 2280 155 2345 quam
176 2260 322 2342 regulam,
353 2268 498 2339 quantum
520 2258 560 2323 od
579 2259 698 2321 urbium
719 2261 852 2342 nomina,
877 2260 948 2325 iibri
969 2266 1070 2329 nostri
1089 2282 1167 2345 par·

64 2363 117 2426 tim
137 2368 237 2423 rotam
257 2359 383 2440 iaciunt,
405 2359 517 2439 purtim
536 2358 653 2420 irritem
675 2376 702 2421 ι.
725 2356 889 2437 Goettiing.
909 2358 948 2422 de
962 2362 1035 2426 hcc.
1051 2378 1080 2443 p.
1097 2364 1166 2435 liii.

63 2460 226 2523 Postrema
252 2455 365 2535 aliquid
386 2457 453 2521 vitii
473 2456 669 2519 contraxisse
689 2454 847 2535 videntur3
878 2474 947 2521 nam
969 2460 1052 2539 quod
1072 2478 1167 2542 regu-

63 2557 113 2619 iac
135 2554 294 2633 oonueuit,
325 2547 464 2634 βαλλωιὴ
491 2555 557 2617 sive
583 2547 705 2634 βαλαιή
733 2555 916 2617 marrubium
938 2556 1027 2621 deest
1048 2576 1167 2641 proque

64 2670 103 2717 co
132 2652 228 2715 subiit
254 2646 407 2731 οἰσαωιή,
440 2651 522 2730 quod
549 2654 671 2729 gravari
698 2653 780 2715 sciet
808 2661 838 2716 et
864 2653 956 2719 debet
983 2658 1011 2718 si
1032 2674 1052 2721 a
1071 2655 1167 2735 αάαορ

65 2751 272 2829 compositum
292 2766 360 2811 cum
383 2757 472 2829 trope
494 2750 611 2812 vocalis
634 2757 667 2811 ut
688 2751 752 2813 ΕΜ.
774 2760 893 2832 censet,
913 2754 971 2815 etsi
985 2749 1168 2827 advocdici-

67 2857 115 2912 tur
143 2843 243 2925 ρ’ύιιος
269 2842 485 2925 παλαιστραιός
512 2864 540 2910 v.
569 2846 673 2909 Galen.
701 2847 739 2910 de
761 2848 867 2928 Simpi.
888 2849 967 2913 hted.
987 2850 1024 2914 it
1044 2852 1075 2931 3,
1096 2853 1167 2914 309.

68 2948 101 3009 Τ.
122 2944 186 3009 ΧΠ.
221 2946 274 3009 Sin
296 2945 334 3007 ab
357 2945 450 3025 οἴσαρ
472 2943 638 3005 derivatum
661 2951 710 3006 est
731 2954 761 3009 ut
776 2945 912 3025 μαλακή,
934 2948 1003 3006 aeui
1025 2948 1169 3025 oportuit

66 3045 220 3108 incertum
242 3049 291 3105 est
306 3035 442 3122 Ἀβρωιή
465 3041 613 3105 Onchesti
634 3040 695 3101 iiiia
715 3040 867 3105 Plutarch.
890 3041 1016 3118 Quaest.
1034 3042 1170 3109 erhilt.

66 3140 261 3220 adjectivum
294 3157 385 3203 unum
422 3138 494 3201 nori
525 3136 565 3199 ab
596 3136 742 3201 adverbio
770 3138 892 3204 ductum
927 3137 1075 3222 μάψατος
1107 3138 1171 3225 μά-

67 3260 155 3314 ταιος
173 3239 247 3302 tres.

527 3450 636 3513 CAP.
678 3452 716 3515 V.

452 3575 508 3640 Do
533 3573 786 3660 affectionibus.

158 3744 188 3810 §-
211 3736 237 3799 1.
283 3733 477 3813 Terminatio,
498 3737 586 3812 eujus
609 3749 749 3795 consona
770 3733 867 3812 prima
889 3738 938 3796 est
966 3733 1063 3817 detta,
1091 3734 1175 3799 nulia

75 3834 202 3915 saepius
233 3833 404 3895 mutatione
425 3830 555 3893 afficitur
582 3846 672 3909 quam
701 3829 820 3893 voeatis
841 3832 912 3894 iota.
954 3831 1092 3912 Namque
1112 3850 1176 3897 non

75 3935 176 3997 solum
199 3930 307 3995 Graeci
336 3928 516 3991 recentioris
546 3929 711 3991 memoriae
738 3924 879 4009 μναάδιος
905 3936 1089 4010 receperunt
1116 3948 1174 4012 pro

76 4030 210 4112 μιαίόιος
231 4034 262 4091 et
281 4021 544 4118 moabtdcfflro
567 4024 741 4107 dimidiare,
768 4025 824 4090 sed
852 4029 944 4092 ctiam
973 4027 1176 4111 deminutivis,

78 4144 159 4211 ‹poao
180 4126 349 4206 antiquitus
369 4125 402 4187 in
422 4124 504 4187 ιὸιαν
524 4125 686 4188 terminata
707 4127 794 4204 sunt,
822 4123 915 4205 oipha
942 4125 1100 4209 obrepsit,
1128 4120 1179 4190 de
