2648 4756
138 343 193 410 DE
215 341 310 409 Noli.
331 338 498 421 QUORUM
508 338 620 407 culn.
633 338 711 404 EST
725 337 943 410 ourionis.
967 344 1145 426 d.111.§.3.
1171 354 1240 423 939

129 503 216 569 illius
254 507 395 586 exempla
422 520 575 587 perpauoa
603 509 676 568 sunt
705 507 737 567 et
769 505 905 569 lortasse
931 525 971 572 ae
996 528 1088 577 unum
1116 515 1237 596 quidem

130 603 218 685 quod
245 606 314 668 sine
343 605 406 667 ulla
427 602 613 666 dubitatione
641 617 829 682 paragogum
856 603 915 667 diei
941 611 1051 686 possit.
1094 611 1237 696 Δρύοχος

129 702 215 764 enim
243 710 272 764 et
301 696 425 783 ξύλοχος
457 700 631 780 composita
668 716 740 762 esse
774 703 943 765 eommunis
977 709 1139 785 persuasio
1176 718 1235 797 est,

128 800 182 862 oui
205 799 372 862 reclamare
393 798 464 862 nolo
489 798 548 860 etsi
570 797 824 875 significationem
853 800 1035 879 simplicium
1062 803 1176 870 habent
1203 814 1235 872 ot

127 897 243 959 similis
272 911 443 976 paragogae
472 896 607 974 speeiem
637 894 764 975 praebet
790 897 977 974 gentilicium
1004 898 1078 962 illud
1105 902 1143 967 de
1170 922 1232 985 quo

128 994 321 1073 Stephanus:
362 989 476 1072 Τάοχοι
495 1024 538 1037 -·-
557 987 688 1064 τούτους
714 986 794 1064 τινὲς
828 989 932 1068 Τάοος
957 998 1094 1061 καλοῦσι.
1128 999 1233 1079 Ignota

128 1098 202 1155 sunt
223 1086 335 1172 δάοχος
357 1096 388 1153 et
409 1089 567 1169 δαλίοχος,
590 1106 669 1168 quau
690 1089 863 1167 Hesychius
884 1090 991 1173 μοιχός
1010 1096 1232 1185 interpretatur,

127 1182 269 1270 ἀσοίοχος
290 1189 383 1252 telum
397 1186 626 1268 incendiarium,
648 1178 819 1267 elysii-lom
833 1189 927 1252 arbor
941 1191 1045 1257 ludiea
1062 1200 1120 1258 eto.
1151 1196 1233 1259 Pro·

127 1287 228 1368 prium
251 1285 392 1350 Thessali
414 1283 573 1365 cujusdam
599 1299 711 1347 nomen
732 1279 856 1365 Δάοχος
876 1288 1042 1365 syntheton
1062 1290 1180 1355 ridetur
1201 1300 1234 1357 nt

119 1378 251 1465 ’Ἄνοχος
271 1385 361 1447 Paus.
376 1383 422 1445 vl.
438 1381 486 1461 ll,
500 1380 529 1444 5.
551 1380 686 1460 Δηίοχος
706 1356 793 1445 ilem.
816 1381 961 1477 cis-§loxos
980 1386 1081 1452 Noun,
1101 1388 1231 1455 XXVIII,

127 1481 179 1546 56.
204 1481 325 1561 (omiss.
345 1481 378 1543 in
400 1477 468 1557 Th.)
498 1484 555 1541 ete.
577 1477 691 1570 ’29⁰
711 1478 812 1540 roeali
832 1501 864 1543 οι
889 1497 1019 1547 seouros
1043 1500 1104 1548 nos
1131 1487 1232 1551 reddit

127 1578 345 1658 Theognoslus
368 1594 396 1658 p.
419 1575 468 1640 79.
488 1568 528 1636 τὰ
546 1572 590 1647 εἰς
609 1596 673 1655 ιχος
687 1568 766 1655 ὑπὲρ
783 1570 843 1639 δύο
858 1573 1011 1660 συλλαβὰς
1023 1574 1083 1643 οὐκ
1097 1577 1161 1646 οἶδε
1173 1579 1232 1666 τὴν

125 1663 166 1755 δί,
189 1676 359 1756 eademque
380 1674 448 1752 lege
471 1679 612 1735 tenentur
630 1666 669 1734 τὰ
684 1667 737 1734 διὰ
755 1673 815 1736 τοῦ
835 1660 893 1756 aff
906 1691 934 1755 p.
959 1675 1025 1740 118.
1062 1678 1169 1761 Neque
1191 1670 1232 1747 οἳ

125 1775 263 1839 oernitur
284 1775 315 1835 in
333 1769 522 1851 simplicibus
539 1771 599 1832 nisi
611 1771 782 1850 peregrinis
799 1772 963 1853 Δοδοῦχος
977 1773 1092 1838 Persae
1107 1794 1229 1864 nemen,

125 1870 310 1953 Καρδοῦχοι
330 1870 438 1949 gentis,
460 1862 638 1948 σάμψουχος
658 1869 724 1930 sive
744 1870 930 1950 οοιμψοῦχος.
972 1871 1035 1935 Sed
1056 1872 1116 1937 hoe
1137 1878 1229 1941 etjam

125 1965 288 2051 οάμψυχος
309 1966 419 2030 dieitur
439 1963 539 2027 vocali
567 1963 730 2046 producta,
758 1969 890 2044 quaein
914 1967 1076 2032 vocabulis
1105 1977 1228 2050 graeols

123 2067 230 2132 brevis
252 2073 307 2128 est.
355 2064 401 2127 De
428 2064 474 2125 bis
496 2061 547 2123 ille
569 2077 669 2140 panea
690 2059 834 2124 delibavit
856 2082 884 2144 p.
905 2064 954 2128 76.
980 2059 1109 2145 ἥσυχος,
1134 2066 1227 2152 popo

123 2186 194 2247 2⁰6,
222 2159 405 2245 βόστρυχος,
433 2155 599 2239 Μόρυχος,
627 2173 756 2237 quorum
778 2159 905 2239 primum
933 2160 968 2224 ll.
991 2162 1166 2244 Stephanus
1187 2170 1227 2234 ab

123 2262 271 2326 adverbio
294 2250 355 2341 ἦκα
375 2259 487 2338 repetit
506 2256 690 2338 probatione
711 2255 794 2318 nulla
814 2257 874 2319 nisi
893 2257 976 2337 qnod
990 2258 1102 2322 Suidas
1116 2268 1147 2323 et
1159 2264 1225 2329 init

120 2359 197 2421 illud
217 2354 446 2436 interpretando
467 2350 582 2436 ἤκολος
601 2353 776 2431 subjiciunt.
800 2354 972 2417 Secundum
993 2350 1143 2436 βότρυχος
1163 2359 1225 2438 (sie

124 2458 204 2519 enim
228 2454 366 2517 emendat
387 2450 516 2514 hleinek.
539 2451 623 2513 Com.
644 2450 691 2512 rr.
708 2449 742 2512 ll.
757 2449 840 2530 355.)
864 2456 894 2512 et
916 2452 1034 2515 tertium
1056 2454 1135 2520 uude
1159 2460 1225 2522 ori-

122 2556 224 2635 ginem
246 2553 393 2631 ceperint,
414 2548 505 2610 decet
526 2548 591 2610 ΕΜ.
613 2548 682 2628 205,
704 2547 752 2610 32.
780 2542 865 2623 παρὰ
891 2542 947 2609 τὸυ
974 2546 1090 2629 βότρυν
1108 2549 1225 2634 βότρυς

122 2674 176 2734 χος
197 2647 250 2714 καὶ
269 2646 437 2731 βόστρυχος
459 2639 477 2707 ὁ
497 2645 674 2726 βοτρυείδρς
692 2645 843 2724 adjective
866 2646 1022 2709 intellectu
1044 2657 1075 2710 ut
1093 2650 1224 2734 bostry-

123 2750 172 2812 elai
187 2748 425 2811 orioreshlateru.
440 2743 526 2804 Firm.
542 2743 741 2805 Notissimum
756 2750 803 2805 est
817 2742 969 2804 helluonis
984 2747 1066 2807 attici
1082 2746 1223 2830 idemque

121 2846 224 2909 Liberi
246 2845 341 2923 patris
365 2857 535 2919 cognomen
557 2838 707 2923 Μόρυχος
729 2836 869 2918 ομόροο,
895 2846 925 2900 ut
946 2844 1038 2921 ajunt,
1060 2845 1222 2926 volupe

121 2941 229 3024 ρύοσω
251 2960 278 3003 v.
301 2941 457 3003 lluhuhen.
484 2937 522 2999 ad
545 2938 617 3000 Tim.
642 2938 709 3002 183.
732 2937 788 3000 sed
810 2936 1057 3014 Psalpehidarum
1080 2942 1222 3018 appella-

124 3043 165 3103 tio
189 3039 261 3119 quid
286 3038 433 3115 significet
454 3034 537 3097 Pind.
551 3035 650 3097 lsthm.
664 3037 709 3097 Vl.
724 3035 772 3097 92.
795 3050 856 3094 non
879 3039 927 3093 est
943 3030 1092 3098 traditum.
1118 3037 1222 3102 Femi-

120 3141 192 3202 nina
220 3137 302 3198 nuilla
330 3142 400 3196 sunl
428 3134 488 3195 nisi
517 3139 567 3205 aut
590 3132 716 3211 propria
742 3137 774 3192 ut
796 3125 920 3210 Σιμύχο
942 3136 971 3191 et
997 3126 1147 3215 Τιμύχο,4
1168 3142 1220 3199 aut

119 3236 256 3299 verbalia
278 3242 309 3295 ut
330 3227 425 3313 ἀλυχή
448 3238 478 3292 et
499 3222 610 3310 ἀμυχή,
639 3246 768 3308 quorum
790 3228 965 3290 alterutrum
990 3230 1108 3291 restitui
1129 3231 1221 3297 debet

118 3333 231 3398 Aread.
253 3350 280 3410 p.
306 3331 371 3393 115.
394 3345 450 3409 pro
472 3320 583 3406 ἀλυχὴ.
621 3327 704 3388 Ηοοο
726 3333 826 3387 autem
847 3324 975 3404 vocalis,
997 3342 1086 3403 quam
1107 3343 1219 3393 nomen

118 3432 204 3494 urbis
232 3429 384 3490 Pheoieae
403 3421 539 3504 Ἕρωχος
560 3425 710 3503 eontinet,
737 3422 906 3484 eommunia
927 3437 989 3481 non
1010 3422 1115 3499 iutrat3
1149 3439 1219 3487 nam

118 3524 274 3609 ἀγέρωχος
294 3525 423 3603 simplex
435 3524 476 3584 sit
490 3538 528 3583 an
541 3520 715 3599 copulatum
732 3519 930 3580 buttmanuus
945 3519 1011 3596 ipse
1033 3519 1106 3579 seiri
1120 3534 1217 3598 posse

118 3625 294 3706 desperavit
321 3639 381 3683 nen
410 3619 618 3682 timidissimus
640 3625 807 3695 elymorum
831 3616 1025 3693 lugitivorum
1046 3614 1216 3694 indagator.

111 3720 235 3803 Ἄουχις
256 3721 386 3782 hominis
408 3717 529 3780 barbari
553 3731 664 3778 nemen
686 3722 733 3775 ost
754 3711 834 3792 apud
856 3711 1051 3775 Herodotum.

185 4000 214 4064 l)
242 3996 350 4064 Τιμύχα
374 3994 534 4059 Pythagorea
557 3992 649 4046 lambi.
675 3991 704 4042 ll.
730 3989 755 4041 P.
782 4002 805 4041 o.
831 3989 872 4043 31.
898 4004 923 4055 p.
944 3989 1000 4043 189.
1023 3986 1108 4053 (399.)
1132 4004 1154 4041 c.
1173 3990 1215 4056 ³2,
1295 3998 1306 4017 ·

118 4082 176 4138 ill.
197 4079 283 4144 (128.)
304 4094 326 4132 e.
348 4078 389 4135 36,
411 4077 468 4129 217.
491 4076 575 4140 (532.)
594 4075 641 4129 sed
663 4073 688 4125 h.
710 4073 727 4125 1.
748 4069 832 4124 codor
850 4070 904 4123 siz.
927 4068 1046 4136 Σιμύχο.

953 4202 1020 4268 22*
