<?xml version="1.0" encoding="UTF-8"?>
<!DOCTYPE html PUBLIC "-//W3C//DTD XHTML 1.0 Transitional//EN"
    "http://www.w3.org/TR/xhtml1/DTD/xhtml1-transitional.dtd">
<html xmlns="http://www.w3.org/1999/xhtml" xml:lang="en" lang="en">
 <head>
  <title>
</title>
<meta http-equiv="Content-Type" content="text/html;charset=utf-8" />
  <meta name='ocr-system' content='tesseract 3.04.00' />
  <meta name='ocr-capabilities' content='ocr_page ocr_carea ocr_par ocr_line ocrx_word'/>
</head>
<body>
  <div class='ocr_page' id='page_1' title='image "./pathologiaeserm00lobegoog_0316.png"; bbox 0 0 2648 4756; ppageno 0'>
   <div class='ocr_carea' id='block_1_1' title="bbox 60 311 1168 439">
    <p class='ocr_par' dir='ltr' id='par_1_1' title="bbox 60 311 1168 439">
     <span class='ocr_line' id='line_1_1' title="bbox 60 311 1168 439; baseline 0.005 -14"><span class='ocrx_word' id='word_1_1' title='bbox 60 361 111 426; x_wconf 82' lang='lat' dir='ltr'>DE</span> <span class='ocrx_word' id='word_1_2' title='bbox 132 360 227 427; x_wconf 80' lang='lat' dir='ltr'>nott.</span> <span class='ocrx_word' id='word_1_3' title='bbox 251 358 418 436; x_wconf 82' lang='lat' dir='ltr'><strong>QUORUM</strong></span> <span class='ocrx_word' id='word_1_4' title='bbox 440 358 551 423; x_wconf 76' lang='lat' dir='ltr'>enta.</span> <span class='ocrx_word' id='word_1_5' title='bbox 574 311 650 423; x_wconf 72' lang='lat' dir='ltr'>nst</span> <span class='ocrx_word' id='word_1_6' title='bbox 673 356 890 424; x_wconf 60' lang='lat' dir='ltr'>ettrrtrttnr„</span> <span class='ocrx_word' id='word_1_7' title='bbox 913 360 945 428; x_wconf 84' lang='lat' dir='ltr'>C.</span> <span class='ocrx_word' id='word_1_8' title='bbox 960 363 981 429; x_wconf 90' lang='lat' dir='ltr'>i.</span> <span class='ocrx_word' id='word_1_9' title='bbox 996 364 1067 439; x_wconf 70' lang='lat'>§.2</span> <span class='ocrx_word' id='word_1_10' title='bbox 1104 366 1168 435; x_wconf 75' lang='lat'>3025</span> 
     </span>
    </p>
   </div>
   <div class='ocr_carea' id='block_1_2' title="bbox 44 520 1186 4343">
    <p class='ocr_par' dir='ltr' id='par_1_2' title="bbox 46 520 1186 2754">
     <span class='ocr_line' id='line_1_2' title="bbox 58 520 1166 614; baseline 0.005 -26"><span class='ocrx_word' id='word_1_11' title='bbox 58 525 138 590; x_wconf 86' lang='lat' dir='ltr'>dian.</span> <span class='ocrx_word' id='word_1_12' title='bbox 168 542 217 606; x_wconf 91' lang='lat' dir='ltr'>ap.</span> <span class='ocrx_word' id='word_1_13' title='bbox 239 525 326 588; x_wconf 88' lang='lat' dir='ltr'>Enst.</span> <span class='ocrx_word' id='word_1_14' title='bbox 349 522 387 587; x_wconf 81' lang='lat' dir='ltr'>ati</span> <span class='ocrx_word' id='word_1_15' title='bbox 408 523 493 587; x_wconf 86' lang='lat' dir='ltr'>Dion.</span> <span class='ocrx_word' id='word_1_16' title='bbox 514 540 543 585; x_wconf 82' lang='lat' dir='ltr'>v.</span> <span class='ocrx_word' id='word_1_17' title='bbox 566 522 637 587; x_wconf 83' lang='grc'><strong>566.</strong></span> <span class='ocrx_word' id='word_1_18' title='bbox 660 530 691 587; x_wconf 89' lang='lat' dir='ltr'>et</span> <span class='ocrx_word' id='word_1_19' title='bbox 712 540 731 586; x_wconf 84' lang='lat' dir='ltr'>a</span> <span class='ocrx_word' id='word_1_20' title='bbox 751 520 893 602; x_wconf 73' lang='grc' dir='ltr'><strong><em>λαλάζειν</em></strong></span> <span class='ocrx_word' id='word_1_21' title='bbox 912 528 993 614; x_wconf 65' lang='lat' dir='ltr'>pogio</span> <span class='ocrx_word' id='word_1_22' title='bbox 1013 528 1086 594; x_wconf 87' lang='lat' dir='ltr'>Hes.</span> <span class='ocrx_word' id='word_1_23' title='bbox 1107 525 1166 593; x_wconf 84' lang='grc' dir='ltr'>λά-</span> 
     </span>
     <span class='ocr_line' id='line_1_3' title="bbox 55 615 1165 717; baseline 0.006 -30"><span class='ocrx_word' id='word_1_24' title='bbox 55 624 112 700; x_wconf 80' lang='grc' dir='ltr'>λαξ</span> <span class='ocrx_word' id='word_1_25' title='bbox 140 631 171 687; x_wconf 87' lang='lat' dir='ltr'>et</span> <span class='ocrx_word' id='word_1_26' title='bbox 198 618 315 705; x_wconf 75' lang='grc' dir='ltr'><strong><em>λαλαγή</em></strong></span> <span class='ocrx_word' id='word_1_27' title='bbox 341 615 518 717; x_wconf 50' lang='grc' dir='ltr'><strong><em>ὁαορύβος</em></strong></span> <span class='ocrx_word' id='word_1_28' title='bbox 542 621 608 685; x_wconf 73' lang='lat' dir='ltr'>Etr</span> <span class='ocrx_word' id='word_1_29' title='bbox 639 620 722 701; x_wconf 85' lang='lat' dir='ltr'>quod</span> <span class='ocrx_word' id='word_1_30' title='bbox 750 638 863 686; x_wconf 92' lang='lat' dir='ltr'>nomen</span> <span class='ocrx_word' id='word_1_31' title='bbox 890 626 1086 693; x_wconf 88' lang='lat' dir='ltr'>inserendum</span> <span class='ocrx_word' id='word_1_32' title='bbox 1116 637 1165 695; x_wconf 90' lang='lat' dir='ltr'>est</span> 
     </span>
     <span class='ocr_line' id='line_1_4' title="bbox 54 714 1165 812; baseline 0 -26"><span class='ocrx_word' id='word_1_33' title='bbox 54 728 130 786; x_wconf 79' lang='lat' dir='ltr'>Are.</span> <span class='ocrx_word' id='word_1_34' title='bbox 157 722 225 786; x_wconf 87' lang='grc'><strong>105.</strong></span> <span class='ocrx_word' id='word_1_35' title='bbox 252 716 291 784; x_wconf 83' lang='grc' dir='ltr'>τὰ</span> <span class='ocrx_word' id='word_1_36' title='bbox 315 720 357 793; x_wconf 73' lang='grc' dir='ltr'>εἰς</span> <span class='ocrx_word' id='word_1_37' title='bbox 376 742 415 802; x_wconf 81' lang='grc' dir='ltr'>γη</span> <span class='ocrx_word' id='word_1_38' title='bbox 442 714 651 801; x_wconf 78' lang='grc' dir='ltr'><strong><em>προςηγορικὰ</em></strong></span> <span class='ocrx_word' id='word_1_39' title='bbox 679 715 789 800; x_wconf 74' lang='grc' dir='ltr'><strong><em>ἔχοντα</em></strong></span> <span class='ocrx_word' id='word_1_40' title='bbox 817 717 879 800; x_wconf 81' lang='grc' dir='ltr'>πρὸ</span> <span class='ocrx_word' id='word_1_41' title='bbox 904 721 1011 799; x_wconf 78' lang='grc' dir='ltr'><em>τέλους</em></span> <span class='ocrx_word' id='word_1_42' title='bbox 1036 730 1165 812; x_wconf 77' lang='grc' dir='ltr'><strong><em>φωνῆεν</em></strong></span> 
     </span>
     <span class='ocr_line' id='line_1_5' title="bbox 55 812 1161 905; baseline 0.005 -20"><span class='ocrx_word' id='word_1_43' title='bbox 55 816 201 899; x_wconf 77' lang='grc' dir='ltr'><em>ὀξύνεται</em></span> <span class='ocrx_word' id='word_1_44' title='bbox 221 813 411 902; x_wconf 79' lang='grc' dir='ltr'><strong><em>κορκορνγή,</em></strong></span> <span class='ocrx_word' id='word_1_45' title='bbox 439 812 589 901; x_wconf 76' lang='grc' dir='ltr'><strong><em>ὀλολυγή,</em></strong></span> <span class='ocrx_word' id='word_1_46' title='bbox 619 812 755 900; x_wconf 70' lang='grc' dir='ltr'><strong><em>οἰμωγή·</em></strong></span> <span class='ocrx_word' id='word_1_47' title='bbox 783 814 913 903; x_wconf 80' lang='grc' dir='ltr'><strong><em>Λαλᾶγη</em></strong></span> <span class='ocrx_word' id='word_1_48' title='bbox 934 818 966 884; x_wconf 77' lang='lat' dir='ltr'>oi</span> <span class='ocrx_word' id='word_1_49' title='bbox 986 817 1022 885; x_wconf 82' lang='grc' dir='ltr'>τὸ</span> <span class='ocrx_word' id='word_1_50' title='bbox 1042 823 1161 905; x_wconf 81' lang='grc' dir='ltr'><strong><em>κύριον.</em></strong></span> 
     </span>
     <span class='ocr_line' id='line_1_6' title="bbox 53 909 1162 999; baseline 0.009 -17"><span class='ocrx_word' id='word_1_51' title='bbox 53 922 83 982; x_wconf 77' lang='lat' dir='ltr'>A</span> <span class='ocrx_word' id='word_1_52' title='bbox 116 920 185 981; x_wconf 94' lang='lat' dir='ltr'>soni</span> <span class='ocrx_word' id='word_1_53' title='bbox 212 918 434 998; x_wconf 78' lang='lat' dir='ltr'>signiiioutione</span> <span class='ocrx_word' id='word_1_54' title='bbox 462 922 605 997; x_wconf 87' lang='lat' dir='ltr'>sejuncta</span> <span class='ocrx_word' id='word_1_55' title='bbox 632 924 704 979; x_wconf 89' lang='lat' dir='ltr'>sunt</span> <span class='ocrx_word' id='word_1_56' title='bbox 732 909 908 999; x_wconf 80' lang='grc' dir='ltr'><strong><em>ἆρτάλογος</em></strong></span> <span class='ocrx_word' id='word_1_57' title='bbox 928 920 1162 992; x_wconf 74' lang='lat' dir='ltr'>instrumentum</span> 
     </span>
     <span class='ocr_line' id='line_1_7' title="bbox 51 1014 1161 1095; baseline 0.007 -15"><span class='ocrx_word' id='word_1_58' title='bbox 51 1018 245 1080; x_wconf 68' lang='lat' dir='ltr'>senatorium</span> <span class='ocrx_word' id='word_1_59' title='bbox 267 1015 363 1079; x_wconf 86' lang='lat' dir='ltr'>semel</span> <span class='ocrx_word' id='word_1_60' title='bbox 386 1016 573 1078; x_wconf 91' lang='lat' dir='ltr'>nominatum</span> <span class='ocrx_word' id='word_1_61' title='bbox 596 1017 634 1079; x_wconf 87' lang='lat' dir='ltr'>ab</span> <span class='ocrx_word' id='word_1_62' title='bbox 655 1014 796 1095; x_wconf 87' lang='lat' dir='ltr'>Oppiauo</span> <span class='ocrx_word' id='word_1_63' title='bbox 820 1018 980 1083; x_wconf 86' lang='lat' dir='ltr'>subtracta</span> <span class='ocrx_word' id='word_1_64' title='bbox 1001 1025 1161 1090; x_wconf 89' lang='lat' dir='ltr'>notatione</span> 
     </span>
     <span class='ocr_line' id='line_1_8' title="bbox 53 1108 1161 1203; baseline 0.007 -26"><span class='ocrx_word' id='word_1_65' title='bbox 53 1132 145 1196; x_wconf 84' lang='lat' dir='ltr'>quam</span> <span class='ocrx_word' id='word_1_66' title='bbox 168 1131 206 1177; x_wconf 87' lang='lat' dir='ltr'>ex</span> <span class='ocrx_word' id='word_1_67' title='bbox 227 1114 379 1177; x_wconf 84' lang='lat' dir='ltr'><strong>similibus</strong></span> <span class='ocrx_word' id='word_1_68' title='bbox 400 1109 499 1195; x_wconf 75' lang='grc' dir='ltr'><strong><em>ἅρπη,</em></strong></span> <span class='ocrx_word' id='word_1_69' title='bbox 527 1108 680 1193; x_wconf 81' lang='grc' dir='ltr'><strong><em>ἁρπαλίζω</em></strong></span> <span class='ocrx_word' id='word_1_70' title='bbox 703 1119 872 1194; x_wconf 87' lang='lat' dir='ltr'>oonjeotari</span> <span class='ocrx_word' id='word_1_71' title='bbox 894 1118 986 1199; x_wconf 82' lang='lat' dir='ltr'>lioet3</span> <span class='ocrx_word' id='word_1_72' title='bbox 1017 1114 1161 1203; x_wconf 75' lang='grc' dir='ltr'><strong><em>ἀσπάρα-</em></strong></span> 
     </span>
     <span class='ocr_line' id='line_1_9' title="bbox 52 1206 1186 1300; baseline 0.007 -24"><span class='ocrx_word' id='word_1_73' title='bbox 52 1234 109 1295; x_wconf 87' lang='grc' dir='ltr'>γος</span> <span class='ocrx_word' id='word_1_74' title='bbox 128 1214 178 1277; x_wconf 88' lang='lat' dir='ltr'>vel</span> <span class='ocrx_word' id='word_1_75' title='bbox 198 1221 231 1276; x_wconf 93' lang='lat' dir='ltr'>ut</span> <span class='ocrx_word' id='word_1_76' title='bbox 252 1214 346 1278; x_wconf 81' lang='lat' dir='ltr'>ntttot</span> <span class='ocrx_word' id='word_1_77' title='bbox 369 1213 512 1277; x_wconf 74' lang='lat' dir='ltr'><strong>dicebant</strong></span> <span class='ocrx_word' id='word_1_78' title='bbox 533 1206 731 1294; x_wconf 79' lang='grc' dir='ltr'><strong><em>ἀσφάραγος,</em></strong></span> <span class='ocrx_word' id='word_1_79' title='bbox 760 1213 842 1292; x_wconf 78' lang='lat' dir='ltr'>(puori</span> <span class='ocrx_word' id='word_1_80' title='bbox 865 1217 891 1278; x_wconf 91' lang='lat' dir='ltr'>si</span> <span class='ocrx_word' id='word_1_81' title='bbox 913 1220 1039 1297; x_wconf 82' lang='lat' dir='ltr'><strong>proprie</strong></span> <span class='ocrx_word' id='word_1_82' title='bbox 1061 1208 1186 1300; x_wconf 80' lang='lat' dir='ltr'>signi-&#39;</span> 
     </span>
     <span class='ocr_line' id='line_1_10' title="bbox 52 1312 1160 1395; baseline 0.005 -18"><span class='ocrx_word' id='word_1_83' title='bbox 52 1313 124 1377; x_wconf 86' lang='lat' dir='ltr'>ficat</span> <span class='ocrx_word' id='word_1_84' title='bbox 146 1328 330 1393; x_wconf 82' lang='lat' dir='ltr'>asparagum</span> <span class='ocrx_word' id='word_1_85' title='bbox 351 1312 526 1376; x_wconf 86' lang='lat' dir='ltr'>silvestrem</span> <span class='ocrx_word' id='word_1_86' title='bbox 546 1312 614 1374; x_wconf 87' lang='lat' dir='ltr'>sive</span> <span class='ocrx_word' id='word_1_87' title='bbox 634 1312 858 1395; x_wconf 69' lang='lat' dir='ltr'>myoparonum,</span> <span class='ocrx_word' id='word_1_88' title='bbox 876 1315 1052 1394; x_wconf 87' lang='lat' dir='ltr'>justissimo</span> <span class='ocrx_word' id='word_1_89' title='bbox 1067 1318 1113 1380; x_wconf 91' lang='lat' dir='ltr'>sio</span> <span class='ocrx_word' id='word_1_90' title='bbox 1126 1326 1160 1384; x_wconf 92' lang='lat' dir='ltr'>ut</span> 
     </span>
     <span class='ocr_line' id='line_1_11' title="bbox 52 1404 1158 1491; baseline 0.005 -17"><span class='ocrx_word' id='word_1_91' title='bbox 52 1404 237 1484; x_wconf 78' lang='grc' dir='ltr'><strong><em>ἇσπάλαθος</em></strong></span> <span class='ocrx_word' id='word_1_92' title='bbox 265 1428 285 1474; x_wconf 88' lang='lat' dir='ltr'>a</span> <span class='ocrx_word' id='word_1_93' title='bbox 311 1406 400 1473; x_wconf 82' lang='grc' dir='ltr'><em>σπάω</em></span> <span class='ocrx_word' id='word_1_94' title='bbox 427 1410 577 1491; x_wconf 89' lang='lat' dir='ltr'>repetitur</span> <span class='ocrx_word' id='word_1_95' title='bbox 604 1427 631 1472; x_wconf 88' lang='lat' dir='ltr'>v.</span> <span class='ocrx_word' id='word_1_96' title='bbox 658 1407 906 1487; x_wconf 81' lang='lat' dir='ltr'>Sennetgnaues.</span> <span class='ocrx_word' id='word_1_97' title='bbox 936 1412 975 1476; x_wconf 88' lang='lat' dir='ltr'>ad</span> <span class='ocrx_word' id='word_1_98' title='bbox 1002 1414 1072 1479; x_wconf 77' lang='lat' dir='ltr'>att.</span> <span class='ocrx_word' id='word_1_99' title='bbox 1095 1416 1158 1482; x_wconf 82' lang='lat' dir='ltr'>XV.</span> 
     </span>
     <span class='ocr_line' id='line_1_12' title="bbox 52 1502 1158 1595; baseline 0.005 -20"><span class='ocrx_word' id='word_1_100' title='bbox 52 1509 124 1576; x_wconf 85' lang='grc'>685.</span> <span class='ocrx_word' id='word_1_101' title='bbox 165 1511 260 1573; x_wconf 79' lang='lat' dir='ltr'>Tertii</span> <span class='ocrx_word' id='word_1_102' title='bbox 287 1502 458 1589; x_wconf 76' lang='grc' dir='ltr'><strong><em>ἀπάραγος</em></strong></span> <span class='ocrx_word' id='word_1_103' title='bbox 485 1509 551 1571; x_wconf 89' lang='lat' dir='ltr'>sivo</span> <span class='ocrx_word' id='word_1_104' title='bbox 580 1503 750 1587; x_wconf 80' lang='grc' dir='ltr'><strong><em>ἆττάραχος</em></strong></span> <span class='ocrx_word' id='word_1_105' title='bbox 778 1508 929 1586; x_wconf 74' lang='lat' dir='ltr'>spitrtbam</span> <span class='ocrx_word' id='word_1_106' title='bbox 958 1514 1158 1595; x_wconf 80' lang='lat' dir='ltr'><strong>principalem</strong></span> 
     </span>
     <span class='ocr_line' id='line_1_13' title="bbox 50 1605 1158 1695; baseline 0.007 -25"><span class='ocrx_word' id='word_1_107' title='bbox 50 1608 125 1671; x_wconf 87' lang='lat' dir='ltr'>mihi</span> <span class='ocrx_word' id='word_1_108' title='bbox 150 1622 321 1689; x_wconf 81' lang='lat' dir='ltr'>agnoscere</span> <span class='ocrx_word' id='word_1_109' title='bbox 349 1609 457 1672; x_wconf 82' lang='lat' dir='ltr'>uideor</span> <span class='ocrx_word' id='word_1_110' title='bbox 478 1610 509 1669; x_wconf 90' lang='lat' dir='ltr'>in</span> <span class='ocrx_word' id='word_1_111' title='bbox 530 1606 625 1669; x_wconf 87' lang='lat' dir='ltr'>latino</span> <span class='ocrx_word' id='word_1_112' title='bbox 648 1605 750 1683; x_wconf 81' lang='lat' dir='ltr'>hette3</span> <span class='ocrx_word' id='word_1_113' title='bbox 787 1622 857 1669; x_wconf 90' lang='lat' dir='ltr'>narn</span> <span class='ocrx_word' id='word_1_114' title='bbox 880 1615 912 1669; x_wconf 91' lang='lat' dir='ltr'>ut</span> <span class='ocrx_word' id='word_1_115' title='bbox 934 1607 1158 1695; x_wconf 85' lang='lat' dir='ltr'>Giossograpiri</span> 
     </span>
     <span class='ocr_line' id='line_1_14' title="bbox 50 1698 1159 1791; baseline 0.005 -21"><span class='ocrx_word' id='word_1_116' title='bbox 50 1706 127 1770; x_wconf 85' lang='lat' dir='ltr'>ittnd</span> <span class='ocrx_word' id='word_1_117' title='bbox 160 1708 399 1789; x_wconf 82' lang='lat' dir='ltr'>interpretantur</span> <span class='ocrx_word' id='word_1_118' title='bbox 425 1701 461 1769; x_wconf 89' lang='grc' dir='ltr'>τὸ</span> <span class='ocrx_word' id='word_1_119' title='bbox 489 1700 664 1787; x_wconf 77' lang='grc' dir='ltr'><strong><em>ἐλάχιστον,</em></strong></span> <span class='ocrx_word' id='word_1_120' title='bbox 699 1702 730 1765; x_wconf 82' lang='grc' dir='ltr'>οἱ</span> <span class='ocrx_word' id='word_1_121' title='bbox 754 1698 787 1765; x_wconf 75' lang='grc' dir='ltr'>δὲ</span> <span class='ocrx_word' id='word_1_122' title='bbox 813 1698 869 1778; x_wconf 82' lang='grc' dir='ltr'>τὰς</span> <span class='ocrx_word' id='word_1_123' title='bbox 888 1700 938 1769; x_wconf 72' lang='lat' dir='ltr'>tat</span> <span class='ocrx_word' id='word_1_124' title='bbox 964 1709 1028 1771; x_wconf 83' lang='grc' dir='ltr'>τῶν</span> <span class='ocrx_word' id='word_1_125' title='bbox 1054 1706 1159 1791; x_wconf 81' lang='grc' dir='ltr'><strong><em>ἄρτων</em></strong></span> 
     </span>
     <span class='ocr_line' id='line_1_15' title="bbox 49 1799 1157 1887; baseline 0.005 -20"><span class='ocrx_word' id='word_1_126' title='bbox 49 1807 257 1886; x_wconf 79' lang='grc' dir='ltr'><strong><em>φλυκταίνας,</em></strong></span> <span class='ocrx_word' id='word_1_127' title='bbox 290 1804 321 1869; x_wconf 85' lang='grc' dir='ltr'>οἱ</span> <span class='ocrx_word' id='word_1_128' title='bbox 341 1801 374 1867; x_wconf 79' lang='grc' dir='ltr'>δὲ</span> <span class='ocrx_word' id='word_1_129' title='bbox 394 1799 449 1879; x_wconf 83' lang='grc' dir='ltr'>τὰς</span> <span class='ocrx_word' id='word_1_130' title='bbox 469 1799 660 1887; x_wconf 78' lang='grc' dir='ltr'><strong><em>καλουμένας</em></strong></span> <span class='ocrx_word' id='word_1_131' title='bbox 679 1803 771 1884; x_wconf 73' lang='grc' dir='ltr'><strong><em>ψίχας</em></strong></span> <span class='ocrx_word' id='word_1_132' title='bbox 791 1804 863 1869; x_wconf 86' lang='lat' dir='ltr'>Hes.</span> <span class='ocrx_word' id='word_1_133' title='bbox 885 1808 932 1870; x_wconf 86' lang='lat' dir='ltr'>sio</span> <span class='ocrx_word' id='word_1_134' title='bbox 953 1807 1064 1873; x_wconf 82' lang='lat' dir='ltr'>Festus</span> <span class='ocrx_word' id='word_1_135' title='bbox 1086 1809 1157 1874; x_wconf 86' lang='lat' dir='ltr'>het-</span> 
     </span>
     <span class='ocr_line' id='line_1_16' title="bbox 50 1903 1156 1988; baseline 0.005 -21"><span class='ocrx_word' id='word_1_136' title='bbox 50 1911 113 1967; x_wconf 85' lang='lat' dir='ltr'>tom</span> <span class='ocrx_word' id='word_1_137' title='bbox 135 1922 188 1969; x_wconf 82' lang='lat' dir='ltr'>res</span> <span class='ocrx_word' id='word_1_138' title='bbox 208 1906 330 1967; x_wconf 84' lang='lat' dir='ltr'>minimi</span> <span class='ocrx_word' id='word_1_139' title='bbox 346 1906 458 1984; x_wconf 81' lang='lat' dir='ltr'>pretii,</span> <span class='ocrx_word' id='word_1_140' title='bbox 483 1904 540 1966; x_wconf 82' lang='lat' dir='ltr'>olii</span> <span class='ocrx_word' id='word_1_141' title='bbox 556 1903 708 1983; x_wconf 81' lang='lat' dir='ltr'>pusulam</span> <span class='ocrx_word' id='word_1_142' title='bbox 730 1918 813 1982; x_wconf 81' lang='lat' dir='ltr'>puae</span> <span class='ocrx_word' id='word_1_143' title='bbox 834 1905 867 1966; x_wconf 84' lang='lat' dir='ltr'>in</span> <span class='ocrx_word' id='word_1_144' title='bbox 889 1907 1050 1985; x_wconf 78' lang='lat' dir='ltr'>oopuendo</span> <span class='ocrx_word' id='word_1_145' title='bbox 1068 1924 1156 1988; x_wconf 84' lang='lat' dir='ltr'>pone</span> 
     </span>
     <span class='ocr_line' id='line_1_17' title="bbox 49 1993 1155 2086; baseline -0.011 -19"><span class='ocrx_word' id='word_1_146' title='bbox 49 2005 135 2067; x_wconf 81' lang='lat' dir='ltr'>soter</span> <span class='ocrx_word' id='word_1_147' title='bbox 152 2020 332 2082; x_wconf 81' lang='lat' dir='ltr'>osourpere.</span> <span class='ocrx_word' id='word_1_148' title='bbox 363 2002 568 2065; x_wconf 74' lang='lat' dir='ltr'>Animantium</span> <span class='ocrx_word' id='word_1_149' title='bbox 589 2000 713 2062; x_wconf 87' lang='lat' dir='ltr'>nomina</span> <span class='ocrx_word' id='word_1_150' title='bbox 730 1993 870 2080; x_wconf 77' lang='grc' dir='ltr'><strong><em>ἀττάγης,</em></strong></span> <span class='ocrx_word' id='word_1_151' title='bbox 892 2000 1058 2086; x_wconf 67' lang='lat' dir='ltr'>pondppg,</span> <span class='ocrx_word' id='word_1_152' title='bbox 1073 2022 1155 2070; x_wconf 67' lang='lat' dir='ltr'>m.</span> 
     </span>
     <span class='ocr_line' id='line_1_18' title="bbox 47 2090 1154 2182; baseline 0.005 -18"><span class='ocrx_word' id='word_1_153' title='bbox 47 2096 163 2182; x_wconf 78' lang='grc' dir='ltr'><strong><em>τάγγης</em></strong></span> <span class='ocrx_word' id='word_1_154' title='bbox 184 2101 232 2182; x_wconf 92' lang='lat' dir='ltr'>(ut</span> <span class='ocrx_word' id='word_1_155' title='bbox 253 2096 465 2182; x_wconf 78' lang='grc' dir='ltr'><strong><em>παρασάγγης)</em></strong></span> <span class='ocrx_word' id='word_1_156' title='bbox 488 2107 518 2163; x_wconf 88' lang='lat' dir='ltr'>et</span> <span class='ocrx_word' id='word_1_157' title='bbox 541 2099 664 2180; x_wconf 87' lang='lat' dir='ltr'>plantae</span> <span class='ocrx_word' id='word_1_158' title='bbox 681 2090 806 2178; x_wconf 76' lang='grc' dir='ltr'><strong><em>ἀτραγίς</em></strong></span> <span class='ocrx_word' id='word_1_159' title='bbox 825 2102 999 2178; x_wconf 85' lang='lat' dir='ltr'>quaestioni</span> <span class='ocrx_word' id='word_1_160' title='bbox 1018 2120 1053 2166; x_wconf 90' lang='lat' dir='ltr'>se</span> <span class='ocrx_word' id='word_1_161' title='bbox 1076 2107 1154 2170; x_wconf 89' lang='lat' dir='ltr'>sub-</span> 
     </span>
     <span class='ocr_line' id='line_1_19' title="bbox 49 2190 1153 2288; baseline 0.007 -27"><span class='ocrx_word' id='word_1_162' title='bbox 49 2198 183 2279; x_wconf 79' lang='lat' dir='ltr'>ducunt3</span> <span class='ocrx_word' id='word_1_163' title='bbox 211 2201 368 2281; x_wconf 93' lang='lat' dir='ltr'>proprium</span> <span class='ocrx_word' id='word_1_164' title='bbox 395 2194 531 2279; x_wconf 83' lang='grc' dir='ltr'><em>Τενάγης</em></span> <span class='ocrx_word' id='word_1_165' title='bbox 553 2204 583 2260; x_wconf 93' lang='lat' dir='ltr'>et</span> <span class='ocrx_word' id='word_1_166' title='bbox 604 2203 743 2258; x_wconf 90' lang='lat' dir='ltr'>neutrum</span> <span class='ocrx_word' id='word_1_167' title='bbox 764 2190 890 2277; x_wconf 75' lang='grc' dir='ltr'><strong><em>τέναγος</em></strong></span> <span class='ocrx_word' id='word_1_168' title='bbox 905 2198 1066 2278; x_wconf 83' lang='lat' dir='ltr'>quodEM.</span> <span class='ocrx_word' id='word_1_169' title='bbox 1082 2204 1153 2288; x_wconf 80' lang='lat'><strong>751,</strong></span> 
     </span>
     <span class='ocr_line' id='line_1_20' title="bbox 48 2290 1150 2385; baseline 0 -22"><span class='ocrx_word' id='word_1_170' title='bbox 48 2297 99 2363; x_wconf 83' lang='lat'>58.</span> <span class='ocrx_word' id='word_1_171' title='bbox 124 2297 163 2361; x_wconf 89' lang='lat' dir='ltr'>ad</span> <span class='ocrx_word' id='word_1_172' title='bbox 183 2292 278 2378; x_wconf 79' lang='grc' dir='ltr'><strong><em>τέγγω</em></strong></span> <span class='ocrx_word' id='word_1_173' title='bbox 308 2300 418 2379; x_wconf 87' lang='lat' dir='ltr'>retert,</span> <span class='ocrx_word' id='word_1_174' title='bbox 449 2299 578 2361; x_wconf 75' lang='lat' dir='ltr'>forsitan</span> <span class='ocrx_word' id='word_1_175' title='bbox 608 2311 675 2356; x_wconf 93' lang='lat' dir='ltr'>ounr</span> <span class='ocrx_word' id='word_1_176' title='bbox 702 2290 818 2375; x_wconf 76' lang='grc' dir='ltr'><strong><em>Τέννης</em></strong></span> <span class='ocrx_word' id='word_1_177' title='bbox 846 2302 876 2357; x_wconf 93' lang='lat' dir='ltr'>et</span> <span class='ocrx_word' id='word_1_178' title='bbox 897 2297 985 2359; x_wconf 83' lang='grc' dir='ltr'><strong><em>τείνω</em></strong></span> <span class='ocrx_word' id='word_1_179' title='bbox 1008 2307 1150 2385; x_wconf 76' lang='lat' dir='ltr'>cognata,</span> 
     </span>
     <span class='ocr_line' id='line_1_21' title="bbox 47 2391 1153 2477; baseline 0.005 -20"><span class='ocrx_word' id='word_1_180' title='bbox 47 2391 180 2477; x_wconf 80' lang='grc' dir='ltr'><strong><em>πέλαγος</em></strong></span> <span class='ocrx_word' id='word_1_181' title='bbox 201 2415 269 2459; x_wconf 89' lang='lat' dir='ltr'>oum</span> <span class='ocrx_word' id='word_1_182' title='bbox 290 2393 368 2472; x_wconf 78' lang='grc' dir='ltr'><strong><em>πλάξ</em></strong></span> <span class='ocrx_word' id='word_1_183' title='bbox 390 2414 519 2477; x_wconf 82' lang='lat' dir='ltr'>rtepuor.</span> <span class='ocrx_word' id='word_1_184' title='bbox 551 2397 706 2471; x_wconf 76' lang='lat' dir='ltr'>Astyages</span> <span class='ocrx_word' id='word_1_185' title='bbox 729 2392 814 2456; x_wconf 82' lang='lat' dir='ltr'>Ouid.</span> <span class='ocrx_word' id='word_1_186' title='bbox 837 2394 907 2455; x_wconf 84' lang='lat' dir='ltr'>iiet.</span> <span class='ocrx_word' id='word_1_187' title='bbox 931 2396 965 2457; x_wconf 87' lang='lat' dir='ltr'>V.</span> <span class='ocrx_word' id='word_1_188' title='bbox 988 2396 1058 2462; x_wconf 82' lang='lat'><strong>203.</strong></span> <span class='ocrx_word' id='word_1_189' title='bbox 1093 2401 1153 2462; x_wconf 83' lang='grc' dir='ltr'>Τε-</span> 
     </span>
     <span class='ocr_line' id='line_1_22' title="bbox 47 2490 1152 2575; baseline 0.006 -19"><span class='ocrx_word' id='word_1_190' title='bbox 47 2490 155 2574; x_wconf 81' lang='grc' dir='ltr'><strong><em>νάγων</em></strong></span> <span class='ocrx_word' id='word_1_191' title='bbox 176 2495 288 2558; x_wconf 76' lang='lat' dir='ltr'>Aeson.</span> <span class='ocrx_word' id='word_1_192' title='bbox 310 2496 394 2558; x_wconf 85' lang='lat' dir='ltr'>Pers.</span> <span class='ocrx_word' id='word_1_193' title='bbox 417 2494 486 2557; x_wconf 68' lang='lat'>304.</span> <span class='ocrx_word' id='word_1_194' title='bbox 509 2501 538 2554; x_wconf 92' lang='lat' dir='ltr'>ot</span> <span class='ocrx_word' id='word_1_195' title='bbox 561 2492 621 2552; x_wconf 87' lang='lat' dir='ltr'>alia</span> <span class='ocrx_word' id='word_1_196' title='bbox 643 2493 768 2571; x_wconf 89' lang='lat' dir='ltr'>propria</span> <span class='ocrx_word' id='word_1_197' title='bbox 791 2492 878 2553; x_wconf 87' lang='lat' dir='ltr'>attuit</span> <span class='ocrx_word' id='word_1_198' title='bbox 901 2491 940 2555; x_wconf 89' lang='lat' dir='ltr'>ad</span> <span class='ocrx_word' id='word_1_199' title='bbox 962 2496 1010 2573; x_wconf 82' lang='lat' dir='ltr'>aj.</span> <span class='ocrx_word' id='word_1_200' title='bbox 1033 2513 1061 2575; x_wconf 92' lang='lat' dir='ltr'>p.</span> <span class='ocrx_word' id='word_1_201' title='bbox 1084 2496 1152 2563; x_wconf 80' lang='lat' dir='ltr'>too.</span> 
     </span>
     <span class='ocr_line' id='line_1_23' title="bbox 47 2591 1151 2678; baseline 0.002 -23"><span class='ocrx_word' id='word_1_202' title='bbox 47 2593 125 2656; x_wconf 75' lang='lat' dir='ltr'>:tritu</span> <span class='ocrx_word' id='word_1_203' title='bbox 149 2593 177 2657; x_wconf 77' lang='lat'>5,</span> <span class='ocrx_word' id='word_1_204' title='bbox 213 2595 328 2655; x_wconf 89' lang='lat' dir='ltr'>llorum</span> <span class='ocrx_word' id='word_1_205' title='bbox 352 2595 482 2655; x_wconf 91' lang='lat' dir='ltr'>omnium</span> <span class='ocrx_word' id='word_1_206' title='bbox 505 2591 605 2672; x_wconf 81' lang='lat' dir='ltr'>alpina,</span> <span class='ocrx_word' id='word_1_207' title='bbox 628 2591 824 2670; x_wconf 89' lang='lat' dir='ltr'>inquantum</span> <span class='ocrx_word' id='word_1_208' title='bbox 847 2591 996 2671; x_wconf 87' lang='lat' dir='ltr'>prosodia</span> <span class='ocrx_word' id='word_1_209' title='bbox 1018 2600 1151 2678; x_wconf 80' lang='lat' dir='ltr'>constat,</span> 
     </span>
     <span class='ocr_line' id='line_1_24' title="bbox 46 2693 220 2754; baseline -0.006 0"><span class='ocrx_word' id='word_1_210' title='bbox 46 2693 140 2754; x_wconf 79' lang='lat' dir='ltr'>breue</span> <span class='ocrx_word' id='word_1_211' title='bbox 164 2697 220 2753; x_wconf 88' lang='lat' dir='ltr'>est.</span> 
     </span>
    </p>

    <p class='ocr_par' dir='ltr' id='par_1_3' title="bbox 44 2787 1151 4247">
     <span class='ocr_line' id='line_1_25' title="bbox 131 2787 1150 2870; baseline 0.002 -19"><span class='ocrx_word' id='word_1_212' title='bbox 131 2796 161 2862; x_wconf 87' lang='lat'>§.</span> <span class='ocrx_word' id='word_1_213' title='bbox 183 2789 211 2851; x_wconf 82' lang='lat'>2.</span> <span class='ocrx_word' id='word_1_214' title='bbox 254 2789 461 2851; x_wconf 79' lang='lat' dir='ltr'>Proxirnarnm</span> <span class='ocrx_word' id='word_1_215' title='bbox 484 2787 634 2849; x_wconf 79' lang='lat' dir='ltr'>rttoalium</span> <span class='ocrx_word' id='word_1_216' title='bbox 657 2790 707 2849; x_wconf 82' lang='lat' dir='ltr'>rix</span> <span class='ocrx_word' id='word_1_217' title='bbox 729 2789 849 2866; x_wconf 87' lang='lat' dir='ltr'>singula</span> <span class='ocrx_word' id='word_1_218' title='bbox 872 2795 977 2850; x_wconf 83' lang='lat' dir='ltr'>entant</span> <span class='ocrx_word' id='word_1_219' title='bbox 993 2792 1150 2870; x_wconf 78' lang='lat' dir='ltr'>enornpia3</span> 
     </span>
     <span class='ocr_line' id='line_1_26' title="bbox 46 2879 1151 2966; baseline 0 -17"><span class='ocrx_word' id='word_1_220' title='bbox 46 2905 115 2949; x_wconf 86' lang='lat' dir='ltr'>nant</span> <span class='ocrx_word' id='word_1_221' title='bbox 144 2883 308 2966; x_wconf 76' lang='grc' dir='ltr'><strong><em>κράταιγος</em></strong></span> <span class='ocrx_word' id='word_1_222' title='bbox 336 2895 365 2950; x_wconf 91' lang='lat' dir='ltr'>ot</span> <span class='ocrx_word' id='word_1_223' title='bbox 387 2879 560 2964; x_wconf 79' lang='grc' dir='ltr'><strong><em>κραταιγών</em></strong></span> <span class='ocrx_word' id='word_1_224' title='bbox 583 2886 699 2947; x_wconf 81' lang='lat' dir='ltr'>trntieis</span> <span class='ocrx_word' id='word_1_225' title='bbox 721 2902 831 2947; x_wconf 87' lang='lat' dir='ltr'>nomon</span> <span class='ocrx_word' id='word_1_226' title='bbox 854 2886 1037 2966; x_wconf 85' lang='lat' dir='ltr'>plantaeque</span> <span class='ocrx_word' id='word_1_227' title='bbox 1060 2906 1151 2949; x_wconf 92' lang='lat' dir='ltr'>oom-</span> 
     </span>
     <span class='ocr_line' id='line_1_27' title="bbox 46 2979 1150 3067; baseline 0.001 -24"><span class='ocrx_word' id='word_1_228' title='bbox 46 2988 182 3067; x_wconf 87' lang='lat' dir='ltr'>positum</span> <span class='ocrx_word' id='word_1_229' title='bbox 212 2986 331 3049; x_wconf 83' lang='lat' dir='ltr'>ridetur</span> <span class='ocrx_word' id='word_1_230' title='bbox 362 2995 393 3047; x_wconf 94' lang='lat' dir='ltr'>nt</span> <span class='ocrx_word' id='word_1_231' title='bbox 425 3002 626 3063; x_wconf 70' lang='lat' dir='ltr'>syrrtnryntnm</span> <span class='ocrx_word' id='word_1_232' title='bbox 649 2979 868 3063; x_wconf 69' lang='lat' dir='ltr'>noorcnrfponog</span> <span class='ocrx_word' id='word_1_233' title='bbox 895 3019 936 3028; x_wconf 94' lang='lat'>—</span> <span class='ocrx_word' id='word_1_234' title='bbox 958 2981 1058 3061; x_wconf 65' lang='lat' dir='ltr'>ttayog</span> <span class='ocrx_word' id='word_1_235' title='bbox 1084 2985 1150 3044; x_wconf 88' lang='lat' dir='ltr'>sive</span> 
     </span>
     <span class='ocr_line' id='line_1_28' title="bbox 46 3074 1150 3164; baseline -0.002 -17"><span class='ocrx_word' id='word_1_236' title='bbox 46 3085 178 3164; x_wconf 85' lang='lat' dir='ltr'>sirnpien</span> <span class='ocrx_word' id='word_1_237' title='bbox 198 3086 263 3146; x_wconf 84' lang='lat' dir='ltr'>sire</span> <span class='ocrx_word' id='word_1_238' title='bbox 287 3089 481 3163; x_wconf 81' lang='lat' dir='ltr'>ottrtjnnotnm</span> <span class='ocrx_word' id='word_1_239' title='bbox 504 3093 586 3146; x_wconf 84' lang='lat' dir='ltr'>certe</span> <span class='ocrx_word' id='word_1_240' title='bbox 609 3080 846 3163; x_wconf 75' lang='lat' dir='ltr'>incomparabile</span> <span class='ocrx_word' id='word_1_241' title='bbox 870 3086 918 3142; x_wconf 87' lang='lat' dir='ltr'>est</span> <span class='ocrx_word' id='word_1_242' title='bbox 940 3116 978 3125; x_wconf 89' lang='lat'>—</span> <span class='ocrx_word' id='word_1_243' title='bbox 997 3074 1150 3163; x_wconf 81' lang='grc' dir='ltr'><strong><em>Ἐπειγεύς</em></strong></span> 
     </span>
     <span class='ocr_line' id='line_1_29' title="bbox 44 3173 1149 3262; baseline -0.001 -17"><span class='ocrx_word' id='word_1_244' title='bbox 44 3184 232 3245; x_wconf 82' lang='lat' dir='ltr'>ironterirmn</span> <span class='ocrx_word' id='word_1_245' title='bbox 261 3201 279 3245; x_wconf 88' lang='lat' dir='ltr'>a</span> <span class='ocrx_word' id='word_1_246' title='bbox 307 3184 402 3244; x_wconf 78' lang='lat' dir='ltr'>nerim</span> <span class='ocrx_word' id='word_1_247' title='bbox 431 3181 550 3244; x_wconf 83' lang='lat' dir='ltr'>tinctum</span> <span class='ocrx_word' id='word_1_248' title='bbox 581 3191 613 3245; x_wconf 94' lang='lat' dir='ltr'>ut</span> <span class='ocrx_word' id='word_1_249' title='bbox 643 3176 766 3262; x_wconf 74' lang='grc' dir='ltr'><strong><em>ἀρηγών</em></strong></span> <span class='ocrx_word' id='word_1_250' title='bbox 795 3180 832 3245; x_wconf 88' lang='lat' dir='ltr'>ab</span> <span class='ocrx_word' id='word_1_251' title='bbox 860 3173 982 3261; x_wconf 70' lang='grc' dir='ltr'><strong><em>ἀρήγω,</em></strong></span> <span class='ocrx_word' id='word_1_252' title='bbox 1015 3183 1149 3245; x_wconf 79' lang='lat' dir='ltr'>nativum</span> 
     </span>
     <span class='ocr_line' id='line_1_30' title="bbox 45 3275 1148 3361; baseline 0 -20"><span class='ocrx_word' id='word_1_253' title='bbox 45 3299 120 3343; x_wconf 73' lang='lat' dir='ltr'>tero</span> <span class='ocrx_word' id='word_1_254' title='bbox 144 3275 274 3360; x_wconf 79' lang='grc' dir='ltr'><strong><em>ἅττηγος</em></strong></span> <span class='ocrx_word' id='word_1_255' title='bbox 295 3282 408 3361; x_wconf 79' lang='lat' dir='ltr'>trituris,</span> <span class='ocrx_word' id='word_1_256' title='bbox 431 3281 512 3359; x_wconf 70' lang='lat' dir='ltr'>(patriti</span> <span class='ocrx_word' id='word_1_257' title='bbox 535 3298 588 3343; x_wconf 82' lang='lat' dir='ltr'>cnr</span> <span class='ocrx_word' id='word_1_258' title='bbox 609 3280 789 3343; x_wconf 85' lang='lat' dir='ltr'>Eustatirius</span> <span class='ocrx_word' id='word_1_259' title='bbox 808 3280 940 3340; x_wconf 86' lang='lat' dir='ltr'>ioniount</span> <span class='ocrx_word' id='word_1_260' title='bbox 960 3280 1040 3341; x_wconf 82' lang='lat' dir='ltr'>tiioat</span> <span class='ocrx_word' id='word_1_261' title='bbox 1055 3281 1148 3341; x_wconf 90' lang='lat' dir='ltr'>intet-</span> 
     </span>
     <span class='ocr_line' id='line_1_31' title="bbox 44 3376 1149 3459; baseline -0.002 -19"><span class='ocrx_word' id='word_1_262' title='bbox 44 3382 125 3459; x_wconf 75' lang='lat' dir='ltr'>gitur</span> <span class='ocrx_word' id='word_1_263' title='bbox 155 3397 192 3441; x_wconf 82' lang='lat' dir='ltr'>on</span> <span class='ocrx_word' id='word_1_264' title='bbox 220 3381 347 3441; x_wconf 68' lang='lat' dir='ltr'>rtrrrttitii</span> <span class='ocrx_word' id='word_1_265' title='bbox 371 3381 524 3459; x_wconf 78' lang='lat' dir='ltr'>scriptura</span> <span class='ocrx_word' id='word_1_266' title='bbox 546 3384 684 3456; x_wconf 84' lang='lat' dir='ltr'>otnpns:</span> <span class='ocrx_word' id='word_1_267' title='bbox 720 3393 900 3457; x_wconf 79' lang='lat' dir='ltr'>paragogon</span> <span class='ocrx_word' id='word_1_268' title='bbox 922 3376 1052 3455; x_wconf 82' lang='lat' dir='ltr'>deniqne</span> <span class='ocrx_word' id='word_1_269' title='bbox 1074 3392 1149 3456; x_wconf 83' lang='grc' dir='ltr'>μεσ-</span> 
     </span>
     <span class='ocr_line' id='line_1_32' title="bbox 45 3461 1148 3559; baseline -0.005 -19"><span class='ocrx_word' id='word_1_270' title='bbox 45 3474 125 3559; x_wconf 68' lang='grc' dir='ltr'><strong><em>σηγύ</em></strong></span> <span class='ocrx_word' id='word_1_271' title='bbox 148 3497 174 3540; x_wconf 79' lang='lat' dir='ltr'>r.</span> <span class='ocrx_word' id='word_1_272' title='bbox 198 3478 306 3539; x_wconf 88' lang='lat' dir='ltr'>Parati.</span> <span class='ocrx_word' id='word_1_273' title='bbox 334 3478 400 3540; x_wconf 74' lang='lat' dir='ltr'>tto.</span> <span class='ocrx_word' id='word_1_274' title='bbox 423 3514 463 3523; x_wconf 83' lang='lat'>—</span> <span class='ocrx_word' id='word_1_275' title='bbox 484 3471 584 3539; x_wconf 69' lang='lat' dir='ltr'>otta»</span> <span class='ocrx_word' id='word_1_276' title='bbox 605 3464 701 3550; x_wconf 67' lang='lat' dir='ltr'>apog</span> <span class='ocrx_word' id='word_1_277' title='bbox 723 3478 797 3553; x_wconf 84' lang='lat' dir='ltr'>(sor.</span> <span class='ocrx_word' id='word_1_278' title='bbox 817 3461 885 3554; x_wconf 67' lang='grc' dir='ltr'><strong><em>γἰἷς)</em></strong></span> <span class='ocrx_word' id='word_1_279' title='bbox 906 3468 982 3551; x_wconf 74' lang='grc' dir='ltr'>ὑπὲρ</span> <span class='ocrx_word' id='word_1_280' title='bbox 998 3470 1056 3535; x_wconf 76' lang='grc' dir='ltr'>δύο</span> <span class='ocrx_word' id='word_1_281' title='bbox 1072 3477 1148 3535; x_wconf 84' lang='grc' dir='ltr'><strong><em>συλ-</em></strong></span> 
     </span>
     <span class='ocr_line' id='line_1_33' title="bbox 44 3565 1149 3661; baseline -0.003 -24"><span class='ocrx_word' id='word_1_282' title='bbox 44 3576 140 3657; x_wconf 73' lang='grc' dir='ltr'><strong><em>λαβὰς</em></strong></span> <span class='ocrx_word' id='word_1_283' title='bbox 161 3577 204 3661; x_wconf 80' lang='grc' dir='ltr'>τῷ</span> <span class='ocrx_word' id='word_1_284' title='bbox 225 3585 239 3637; x_wconf 85' lang='grc' dir='ltr'>’τ’</span> <span class='ocrx_word' id='word_1_285' title='bbox 260 3572 463 3657; x_wconf 74' lang='grc' dir='ltr'><strong><em>παραλὴγεται</em></strong></span> <span class='ocrx_word' id='word_1_286' title='bbox 486 3572 538 3637; x_wconf 84' lang='grc' dir='ltr'>καὶ</span> <span class='ocrx_word' id='word_1_287' title='bbox 558 3570 762 3655; x_wconf 79' lang='grc' dir='ltr'><strong><em>παροξύνεται</em></strong></span> <span class='ocrx_word' id='word_1_288' title='bbox 783 3567 859 3634; x_wconf 77' lang='grc' dir='ltr'><strong><em>ἀλλὰ</em></strong></span> <span class='ocrx_word' id='word_1_289' title='bbox 879 3568 978 3653; x_wconf 85' lang='grc' dir='ltr'><strong><em>μόνον</em></strong></span> <span class='ocrx_word' id='word_1_290' title='bbox 994 3567 1029 3633; x_wconf 87' lang='grc' dir='ltr'>τὸ</span> <span class='ocrx_word' id='word_1_291' title='bbox 1047 3565 1149 3651; x_wconf 82' lang='grc' dir='ltr'><strong><em>ὀλίγος</em></strong></span> 
     </span>
     <span class='ocr_line' id='line_1_34' title="bbox 45 3674 1149 3754; baseline -0.009 -15"><span class='ocrx_word' id='word_1_292' title='bbox 45 3676 157 3739; x_wconf 82' lang='lat' dir='ltr'>lieroti.</span> <span class='ocrx_word' id='word_1_293' title='bbox 179 3697 209 3738; x_wconf 79' lang='grc' dir='ltr'>π.</span> <span class='ocrx_word' id='word_1_294' title='bbox 232 3678 316 3737; x_wconf 79' lang='grc' dir='ltr'><strong><em>Μον.</em></strong></span> <span class='ocrx_word' id='word_1_295' title='bbox 341 3676 386 3737; x_wconf 65' lang='lat' dir='ltr'>pt,</span> <span class='ocrx_word' id='word_1_296' title='bbox 409 3674 515 3754; x_wconf 76' lang='lat' dir='ltr'>Ntupuo</span> <span class='ocrx_word' id='word_1_297' title='bbox 545 3681 681 3751; x_wconf 73' lang='lat' dir='ltr'>orptona</span> <span class='ocrx_word' id='word_1_298' title='bbox 703 3675 896 3752; x_wconf 89' lang='lat' dir='ltr'>reperiuntur</span> <span class='ocrx_word' id='word_1_299' title='bbox 918 3678 970 3733; x_wconf 87' lang='lat' dir='ltr'>aut</span> <span class='ocrx_word' id='word_1_300' title='bbox 992 3687 1149 3750; x_wconf 87' lang='lat' dir='ltr'>proparo-</span> 
     </span>
     <span class='ocr_line' id='line_1_35' title="bbox 44 3769 1149 3854; baseline -0.007 -17"><span class='ocrx_word' id='word_1_301' title='bbox 44 3784 163 3854; x_wconf 68' lang='lat' dir='ltr'>nt&#39;ttrna</span> <span class='ocrx_word' id='word_1_302' title='bbox 192 3781 243 3835; x_wconf 75' lang='lat' dir='ltr'>rint</span> <span class='ocrx_word' id='word_1_303' title='bbox 272 3774 555 3853; x_wconf 78' lang='lat' dir='ltr'>properisptrittena.</span> <span class='ocrx_word' id='word_1_304' title='bbox 599 3773 742 3834; x_wconf 77' lang='lat' dir='ltr'>i&#39;errrinini</span> <span class='ocrx_word' id='word_1_305' title='bbox 771 3771 893 3849; x_wconf 63' lang='lat' dir='ltr'>gotnoris</span> <span class='ocrx_word' id='word_1_306' title='bbox 923 3769 1149 3830; x_wconf 77' lang='lat' dir='ltr'>strttstantitum</span> 
     </span>
     <span class='ocr_line' id='line_1_36' title="bbox 46 3863 1149 3951; baseline -0.007 -17"><span class='ocrx_word' id='word_1_307' title='bbox 46 3890 137 3935; x_wconf 88' lang='lat' dir='ltr'>rrnurn</span> <span class='ocrx_word' id='word_1_308' title='bbox 166 3880 214 3933; x_wconf 84' lang='lat' dir='ltr'>est</span> <span class='ocrx_word' id='word_1_309' title='bbox 242 3867 323 3951; x_wconf 72' lang='grc' dir='ltr'><strong><em>ἕλιγή</em></strong></span> <span class='ocrx_word' id='word_1_310' title='bbox 355 3877 384 3932; x_wconf 86' lang='lat' dir='ltr'>ot</span> <span class='ocrx_word' id='word_1_311' title='bbox 413 3870 441 3933; x_wconf 78' lang='lat' dir='ltr'>iti</span> <span class='ocrx_word' id='word_1_312' title='bbox 471 3888 538 3931; x_wconf 76' lang='grc' dir='ltr'>νυνι</span> <span class='ocrx_word' id='word_1_313' title='bbox 569 3871 637 3931; x_wconf 78' lang='lat' dir='ltr'>ratiis</span> <span class='ocrx_word' id='word_1_314' title='bbox 667 3867 802 3947; x_wconf 86' lang='lat' dir='ltr'>ejusdem</span> <span class='ocrx_word' id='word_1_315' title='bbox 832 3868 963 3929; x_wconf 87' lang='lat' dir='ltr'>tarrtitioe</span> <span class='ocrx_word' id='word_1_316' title='bbox 991 3863 1050 3940; x_wconf 77' lang='grc' dir='ltr'><strong><em>ἕλιξ</em></strong></span> <span class='ocrx_word' id='word_1_317' title='bbox 1071 3864 1149 3946; x_wconf 83' lang='grc' dir='ltr'><strong><em>ἰ’λιγξ</em></strong></span> 
     </span>
     <span class='ocr_line' id='line_1_37' title="bbox 44 3957 1149 4051; baseline -0.008 -17"><span class='ocrx_word' id='word_1_318' title='bbox 44 3972 160 4051; x_wconf 72' lang='grc' dir='ltr'><strong><em>ἴλαγγος</em></strong></span> <span class='ocrx_word' id='word_1_319' title='bbox 181 3978 238 4032; x_wconf 81' lang='lat' dir='ltr'>oto.</span> <span class='ocrx_word' id='word_1_320' title='bbox 261 3969 428 4032; x_wconf 75' lang='lat' dir='ltr'>derivatum</span> <span class='ocrx_word' id='word_1_321' title='bbox 452 3988 468 4030; x_wconf 89' lang='lat' dir='ltr'>a</span> <span class='ocrx_word' id='word_1_322' title='bbox 488 3970 582 4031; x_wconf 73' lang='lat' dir='ltr'>turno</span> <span class='ocrx_word' id='word_1_323' title='bbox 596 3968 683 4029; x_wconf 81' lang='grc' dir='ltr'><strong><em>εἴλλω</em></strong></span> <span class='ocrx_word' id='word_1_324' title='bbox 701 3962 818 4041; x_wconf 69' lang='lat' dir='ltr'>ittonae,</span> <span class='ocrx_word' id='word_1_325' title='bbox 843 3965 920 4027; x_wconf 86' lang='lat' dir='ltr'>undo</span> <span class='ocrx_word' id='word_1_326' title='bbox 939 3966 1029 4027; x_wconf 88' lang='lat' dir='ltr'>etium</span> <span class='ocrx_word' id='word_1_327' title='bbox 1044 3957 1149 4046; x_wconf 82' lang='grc' dir='ltr'><strong><em>ὀλὶγγη</em></strong></span> 
     </span>
     <span class='ocr_line' id='line_1_38' title="bbox 46 4058 1149 4151; baseline -0.005 -20"><span class='ocrx_word' id='word_1_328' title='bbox 46 4065 64 4151; x_wconf 72' lang='grc' dir='ltr'><em>ἡ</em></span> <span class='ocrx_word' id='word_1_329' title='bbox 87 4063 261 4140; x_wconf 79' lang='grc' dir='ltr'><strong><em>ἀνάπαυσις</em></strong></span> <span class='ocrx_word' id='word_1_330' title='bbox 282 4069 352 4128; x_wconf 67' lang='lat' dir='ltr'>atro.</span> <span class='ocrx_word' id='word_1_331' title='bbox 376 4068 442 4130; x_wconf 79' lang='lat'>105.</span> <span class='ocrx_word' id='word_1_332' title='bbox 465 4076 495 4129; x_wconf 92' lang='lat' dir='ltr'>ot</span> <span class='ocrx_word' id='word_1_333' title='bbox 518 4082 711 4145; x_wconf 67' lang='lat' dir='ltr'>synonymon</span> <span class='ocrx_word' id='word_1_334' title='bbox 733 4065 803 4126; x_wconf 85' lang='lat' dir='ltr'>intio</span> <span class='ocrx_word' id='word_1_335' title='bbox 825 4058 926 4136; x_wconf 80' lang='grc' dir='ltr'><strong><em>ἐλινύς</em></strong></span> <span class='ocrx_word' id='word_1_336' title='bbox 943 4065 1079 4125; x_wconf 82' lang='lat' dir='ltr'>cessatio</span> <span class='ocrx_word' id='word_1_337' title='bbox 1093 4063 1149 4126; x_wconf 86' lang='lat' dir='ltr'>sed</span> 
     </span>
     <span class='ocr_line' id='line_1_39' title="bbox 45 4157 1149 4247; baseline -0.005 -18"><span class='ocrx_word' id='word_1_338' title='bbox 45 4167 120 4230; x_wconf 84' lang='lat' dir='ltr'>illuri</span> <span class='ocrx_word' id='word_1_339' title='bbox 142 4184 209 4228; x_wconf 85' lang='lat' dir='ltr'>cunt</span> <span class='ocrx_word' id='word_1_340' title='bbox 233 4174 321 4247; x_wconf 80' lang='lat' dir='ltr'>tropo</span> <span class='ocrx_word' id='word_1_341' title='bbox 343 4165 460 4229; x_wconf 76' lang='lat' dir='ltr'>vocalis</span> <span class='ocrx_word' id='word_1_342' title='bbox 482 4183 561 4247; x_wconf 83' lang='lat' dir='ltr'>qtttte</span> <span class='ocrx_word' id='word_1_343' title='bbox 584 4167 613 4226; x_wconf 88' lang='lat' dir='ltr'>in</span> <span class='ocrx_word' id='word_1_344' title='bbox 634 4157 823 4244; x_wconf 72' lang='grc' dir='ltr'><strong><em>ὁλοίτροχος,</em></strong></span> <span class='ocrx_word' id='word_1_345' title='bbox 845 4158 954 4244; x_wconf 78' lang='grc' dir='ltr'><strong><em>ὅλμος,</em></strong></span> <span class='ocrx_word' id='word_1_346' title='bbox 975 4159 1095 4244; x_wconf 76' lang='grc' dir='ltr'><strong><em>βολβός,</em></strong></span> <span class='ocrx_word' id='word_1_347' title='bbox 1118 4170 1149 4225; x_wconf 84' lang='lat' dir='ltr'>et</span> 
     </span>
    </p>

    <p class='ocr_par' dir='ltr' id='par_1_4' title="bbox 82 4264 942 4343">
     <span class='ocr_line' id='line_1_40' title="bbox 82 4264 942 4343; baseline -0.003 -14"><span class='ocrx_word' id='word_1_348' title='bbox 82 4284 189 4330; x_wconf 54' lang='lat' dir='ltr'>Latent.</span> <span class='ocrx_word' id='word_1_349' title='bbox 210 4284 344 4343; x_wconf 61' lang='lat' dir='ltr'>Prothoi-eg.</span> <span class='ocrx_word' id='word_1_350' title='bbox 900 4264 942 4327; x_wconf 64' lang='lat'>20</span> 
     </span>
    </p>
   </div>
   <div class='ocr_carea' id='block_1_3' title="bbox 0 0 1328 4756">
    <p class='ocr_par' dir='ltr' id='par_1_5' title="bbox 0 0 1328 4756">
     <span class='ocr_line' id='line_1_41' title="bbox 0 0 1328 4756; baseline 0 3"><span class='ocrx_word' id='word_1_351' title='bbox 0 0 1328 4756; x_wconf 95' lang='lat' dir='ltr'> </span> 
     </span>
    </p>
   </div>
  </div>
 </body>
</html>
