2648 4756
167 373 219 437 DE
233 373 332 437 hell.
349 370 512 448 QUORUM
525 370 638 436 Chhh.
654 365 731 436 EST
746 368 875 435 smmi.
899 371 930 436 C.
946 372 966 436 l.
985 379 1015 448 ς.
1028 374 1057 438 2.
1098 376 1171 443 lue

67 534 138 602 cm.
168 536 225 599 sed
247 553 342 616 saepe
363 537 453 600 etiarn
473 536 611 615 liylassa
631 534 713 617 apud
734 535 894 615 utriusque
915 535 1036 617 linguae
1058 545 1170 604 aueto-

66 651 129 697 res.
172 635 328 697 Femiuina
348 634 498 698 Arcadius
520 652 548 714 p.
570 632 620 698 97.
643 635 701 697 tria
722 633 836 713 promit
861 629 1021 717 θάλασσα,
1049 632 1170 702 ἄνασσα

65 739 99 795 et
121 728 283 812 θὲρμασσα
304 726 324 813 ἡ
344 727 482 812 κάμινος,
506 736 594 812 cujus
609 732 753 811 analogia
767 747 830 794 non
845 734 921 796 satis
937 734 1051 815 liquet;
1072 753 1168 818 quar-

67 837 134 893 tum
155 832 326 910 Hesychius
346 831 472 911 subjicit
497 825 653 912 μαράσσαι
675 830 750 909 (hoc
780 832 924 900 accentui
952 827 1043 906 κύνες
1069 830 1091 916 ἢ
1117 832 1168 916 ὄρ

61 932 163 1006 vedeo,
186 928 266 1008 quod
287 944 376 991 nemo
391 930 486 992 nouit.
528 928 728 992 Penultimam
747 926 871 991 brevem
884 928 998 993 habent
1013 932 1167 1018 Περγασὴ,

66 1027 215 1106 Παγασαί
227 1026 268 1106 (v.
283 1025 447 1106 Goettling.
460 1025 581 1091 dehoc.
598 1028 681 1109 157.)
709 1022 876 1106 Tpapdooee,
898 1031 987 1107 cujus
1009 1040 1168 1100 accentum

63 1125 140 1188 mire
168 1125 288 1187 variant
316 1125 405 1190 codd.
426 1124 503 1188 Poll.
525 1126 572 1189 lll.
596 1126 663 1191 163.
705 1127 751 1189 lle
782 1126 899 1188 Dianae
921 1127 1086 1205 Scythicae
1106 1147 1168 1194 no-

64 1224 144 1286 mine
162 1219 350 1303 Ἀριίμιιασα
377 1224 451 1286 nihil
473 1230 613 1306 constat,
641 1240 699 1288 nec
721 1223 759 1288 de
780 1223 935 1288 Laconico
959 1225 1044 1290 sonte
1070 1229 1169 1293 Τίασα

64 1321 157 1384 Paus.
177 1321 227 1385 lll.
251 1321 298 1385 18.
321 1338 410 1403 quiem
431 1323 609 1385 Athenaeus
636 1324 771 1385 Τιάσσον
788 1328 893 1404 uocat,
915 1330 944 1385 et
966 1323 1040 1387 urhe
1058 1325 1167 1393 Cariae

66 1415 241 1497 Πλάρασσα
260 1420 327 1482 sive
352 1416 512 1498 Πλάρασα.
554 1420 717 1485 Nominum
740 1421 848 1485 tertiae
869 1420 1085 1487 declinationis
1102 1426 1166 1492 iere

65 1520 201 1581 omniurn
222 1518 309 1597 origo
331 1518 494 1596 peregrina
526 1518 575 1580 rel
602 1525 687 1580 certe
706 1519 813 1599 ignota
832 1525 882 1582 est
901 1522 1083 1602 καμασῆνες,
1104 1520 1166 1589 κό-

61 1630 191 1695 νιασσις,
226 1625 257 1680 et
292 1617 488 1695 propriorum
522 1610 642 1689 Αῧασις
669 1616 735 1680 sire
754 1614 880 1692 Ὄασις,
913 1613 1070 1699 Πάτρασις
1099 1624 1166 1689 sive

66 1711 255 1794 Πάτρασσυς
276 1710 516 1795 αλὌλγασσνς,
539 1711 707 1789 Σκώπασις
734 1715 851 1795 Scytha
878 1715 990 1781 Herod.
1018 1718 1065 1783 lv.
1096 1720 1163 1787 120·

64 1821 99 1878 ut
128 1814 289 1879 Carthasis
318 1814 400 1879 Curt.
428 1815 489 1905 Vll.
516 1813 572 1897 23,
595 1814 621 1878 1.
641 1814 798 1895 Hyphasis
825 1813 934 1876 hovius
963 1817 1071 1895 quiet
1098 1819 1167 1898 hy-

64 1915 156 1993 panis
178 1912 289 1976 dicitur
310 1911 402 1992 alpha
423 1912 519 1976 brevi.
543 1950 575 1959 -
609 1907 655 1975 Τὰ
675 1908 726 1975 διὰ
745 1912 803 1974 eod
822 1899 909 1986 αἴνου-ς
930 1907 1006 1993 ὑπὲρ
1018 1914 1079 1980 δύο
1097 1920 1167 1980 σνλ

62 2006 161 2093 λαβὰς
182 2006 297 2074 σιιάνιά
319 2010 392 2087 εισι,
405 2006 570 2094 Querens,
600 2007 755 2087 κέλαισος,
782 2006 931 2092 addendos
956 2005 974 2074 ὁ
1004 2009 1167 2100 ἄπληστος,

66 2114 98 2174 Γ
94 2116 204 2184 ναῖσος
225 2106 325 2190 ὄνομα
344 2111 502 2189 ποταμοῦ·
528 2103 563 2171 τὸ
582 2107 736 2186 παραισός
755 2104 856 2190 μόνον
875 2103 1010 2186 ὀξννθὲν
1028 2107 1087 2193 τὴν
1105 2107 1167 2178 αὐ-

62 2205 124 2291 τὴν
143 2203 270 2292 γραφὴν
290 2214 354 2279 τοῖς
374 2203 559 2288 βαρυτόνοις
586 2203 745 2288 ἐφύλαξεν.
787 2208 902 2271 Horum
930 2208 1059 2287 primum
1085 2212 1165 2291 apud

63 2309 230 2372 Homerum
252 2312 413 2385 oxylonon
434 2313 484 2370 est
502 2299 650 2368 Ἀπαισοῦ
672 2299 714 2379 ὡς
742 2299 879 2386 ἀγανοῦ·
906 2301 960 2368 καὶ
988 2305 1062 2379 ἴσως
1088 2304 1168 2372 ἄκο-

63 2403 194 2480 λούθως
214 2407 257 2492 τῷ
283 2400 401 2477 Παισός
422 2404 493 2468 sch.
514 2405 550 2467 h.
573 2404 610 2467 ad
632 2405 664 2468 ll.
686 2405 708 2468 l.
729 2404 799 2469 328.
820 2420 889 2466 narn
917 2402 1008 2485 alpha
1036 2405 1168 2483 pleona-

63 2508 187 2587 stieum‚
210 2506 341 2567 otidum
364 2502 436 2564 dicit
459 2501 497 2563 ad
520 2502 592 2564 Vlll.
618 2503 684 2567 173.
707 2509 1085 2580 sorrentumnonmrrta13
1108 2521 1165 2584 pro
1255 2514 1258 2518 '

63 2600 207 2674 κέλαισος
226 2617 307 2663 nune
329 2600 401 2662 nihil
424 2600 575 2661 succurrit
597 2597 886 2681 praetcr‘hdtmcog
909 2599 989 2662 unde
1018 2600 1092 2664 urbs
1115 2604 1168 2667 Si-

65 2704 157 2765 ciliae
177 2697 307 2762 “Alorco
332 2698 535 2762 denominata.
580 2701 714 2771 Γοαῖσος
742 2701 772 2761 in
803 2695 955 2770 Γάλαισος
983 2701 1167 2785 mutandum,

63 2800 95 2863 id
119 2801 198 2862 enirn
219 2798 299 2860 lluuii
320 2813 432 2857 nomen
455 2795 536 2875 quod
558 2799 683 2876 saepius
706 2804 833 2875 pereto
863 2797 1008 2858 scribitur
1038 2796 1168 2864 Galesus

65 2906 100 2961 ut
123 2896 288 2960 Halesus⁵
328 2896 373 2957 De
396 2901 553 2973 pestremo
576 2910 636 2954 nos
659 2901 762 2957 certos
785 2893 883 2956 reddit
906 2893 1079 2971 Stephanus
1104 2893 1168 2957 Hei-

65 3009 176 3078 ραισος
208 2989 398 3074 (Παραισὸς)
425 2988 493 3071 περὶ
524 2979 560 3071 ἧς
582 2984 774 3069 Ἡρωδιανὸς
802 2988 836 3052 ἐν
856 2984 977 3074 ὀγδόῳ·
1004 2985 1040 3052 τὸ
1065 2987 1169 3071 μέντοι

70 3090 232 3174 Πάραισος
253 3085 393 3166 ὀξύνεται
415 3125 455 3134 —-
478 3088 574 3150 Μίνω
602 3084 753 3169 συγγενὴς
780 3081 837 3169 ἀφ’
868 3076 907 3150 οὗ
935 3082 953 3170 ἡ
981 3084 1069 3164 πόλις
1096 3088 1168 3173 ὀμο-

64 3189 168 3265 ιόνως
186 3193 229 3276 τῷ
251 3190 388 3271 οἰκιστῇ,
417 3188 468 3249 uhi
496 3186 646 3265 particula
674 3182 779 3267 μέντοι
808 3189 942 3252 ostendit
964 3188 1169 3256 Herodianum

67 3299 162 3354 antea
189 3291 346 3369 lequinium
383 3303 455 3349 esse
491 3285 527 3347 de
560 3284 731 3363 berytonis.
780 3287 960 3348 Holstenius
990 3288 1069 3350 idem
1098 3308 1170 3355 esse

67 3407 182 3453 nomen
204 3396 290 3468 pariat
306 3386 462 3465 Πρίαισος.
499 3383 635 3445 hiterius
650 3383 828 3462 diphthongi
843 3384 982 3462 exempla
996 3389 1171 3453 rarisssima

68 3496 151 3567 sunt,
173 3483 329 3567 βάναυσος
357 3483 439 3563 quod
462 3497 649 3560 paragogum
671 3485 775 3562 potius
797 3480 929 3559 videtur,
960 3486 993 3542 ut
1019 3483 1171 3549 Arcadius

67 3588 188 3667 statuit,
210 3603 298 3665 quam
322 3582 526 3661 compositum
549 3596 566 3640 u
588 3580 683 3642 verbo
705 3576 773 3642 αὔω
795 3581 859 3643 Eli.
882 3587 912 3642 et
926 3573 1092 3659 Νὲμαυσος
1109 3576 1171 3647 daed

69 3681 242 3765 Νεμαύσου
257 3677 459 3761 Ἡρακλείδου
482 3676 606 3769 SlcQ

155 3790 184 3857 §.
206 3783 234 3845 2.
275 3780 458 3844 Nominibus
487 3778 517 3839 in
538 3791 613 3848 ασος
635 3776 816 3839 exeuntibus
838 3776 988 3839 Arcadius
1018 3794 1056 3839 en
1077 3778 1173 3840 abru-

68 3890 125 3964 pto
149 3881 305 3960 subjungit
318 3874 461 3959 Ἔφεσος,
475 3871 610 3955 Ἔρεσος·
631 3872 667 3936 τὸ
691 3870 795 3954 μέντοι
818 3871 955 3948 docende
974 3871 1033 3938 δύο
1048 3863 1090 3938 ἰι-ν
1103 3873 1174 3959 ἔχον

81 4026 372 4041 a—-——

141 4105 171 4169 5)
190 4102 329 4156 hlonaesus
347 4101 395 4152 riri
414 4112 508 4153 nomen
525 4097 571 4150 Sil.
593 4098 648 4150 ltal.
668 4096 723 4149 llll.
743 4096 801 4152 604.
828 4099 853 4148 in
877 4096 936 4149 aliis
961 4096 1026 4151 Edd.
1052 4098 1175 4157 Monesns

73 4195 101 4241 nl
124 4188 209 4255 gentis
228 4199 320 4240 nomen
339 4184 403 4237 Plin.
425 4180 466 4234 lll.
486 4180 527 4236 33.
548 4179 662 4237 Γόαιοος
681 4181 743 4234 ilem
762 4179 874 4233 hominis
896 4179 1006 4235 halan.
