2648 4756
12 37 64 96 ndi
93 37 349 113 significationem
378 38 545 112 ὁμώνυμον
573 38 704 97 coemit.
747 39 859 113 Aptius
881 50 955 96 uero
978 40 1008 97 iii

11 133 133 212 primunr
163 137 214 194 ost
241 132 322 193 inter
351 132 440 209 pium
462 130 599 208 ejusdem
622 133 754 192 nominis
777 141 807 192 ot
829 147 927 208 paene
949 147 1009 193 na-

11 248 52 294 un
79 247 115 293 ra
144 229 216 308 ipsa
239 233 407 308 proprioru
429 228 555 309 dicitur,
584 245 663 307 quac
692 228 762 289 liinc
784 230 1009 291 transferuntur

11 332 71 392 icio
90 330 130 389 at
149 344 172 389 τ
188 327 270 407 pede
290 332 402 390 nostro
420 345 480 407 pes
503 328 576 389 lecti
591 343 629 388 uc
646 324 739 388 cetae
753 324 837 389 Vari.
854 325 900 388 vi.
915 343 944 406 p.
959 325 1007 390 ca.

11 447 26 506 p
51 420 88 488 ἐν
103 425 149 511 τῷ
173 417 333 510 ἀνθρώπῳ
353 421 445 506 μέρος
464 426 523 487 τοῦ
544 419 685 502 σώματος
704 415 840 503 ἀνέχεται
861 416 924 486 ὑπὸ
943 424 1009 486 τῶν

16 570 27 598 ,
54 518 136 586 οὕτω
155 519 208 585 καὶ
228 515 248 605 ἡ
270 523 358 604 κλίνη
386 524 433 588 Jo.
456 522 574 603 Philop.
597 521 616 584 i.
638 539 664 585 c.
686 539 715 601 p.
734 520 783 584 95.
832 519 878 582 liii
901 537 1006 602 porro,

11 638 40 685 m
61 638 79 684 a
100 620 222 685 duobus
243 621 293 684 vel
314 621 453 701 pluribus
477 619 613 683 ostendit
631 636 746 700 genus,
778 617 907 683 altorum
929 636 1007 699 spa-

21 718 133 784 eodem
160 718 302 782 trahunt:
330 716 464 800 ποιμένα
490 712 665 800 ὁμωνύμως
691 717 735 801 τῴ
762 712 843 797 γένει
868 713 905 782 τὸ
925 712 1007 794 alnos

10 814 59 881 vet
83 817 141 881 τοῦ
159 810 257 897 νομέα
278 816 382 881 Schol.
404 816 459 881 Od.
480 815 518 880 X
537 815 625 880 82¹¹
648 832 740 878 arura
762 834 859 896 pauiu
879 821 924 882 ait
944 817 1006 881 to-

10 932 69 979 τοα
97 917 268 978 otcarius
296 931 350 978 res
377 913 550 993 sipuificet,
584 913 732 991 scapulae
755 930 867 978 aarum
887 915 1005 980 tabent

10 1014 115 1075 omina
134 1013 232 1076 Prisc.
254 1012 272 1076 i.
295 1029 320 1076 c.
342 1014 377 1076 11.
397 1013 467 1076 279.
496 1013 562 1076 Nos
584 1029 669 1094 uero,
690 1028 729 1074 ne
751 1029 802 1075 res
825 1011 1006 1077 diuersissi-

10 1129 17 1173 ι
37 1113 129 1174 unius
152 1111 371 1190 appellationis
393 1112 554 1189 angustias
577 1111 827 1192 compingantur,
851 1111 1005 1192 homonu-

19 1208 130 1273 iisdem
152 1211 345 1272 continemus
367 1208 486 1291 finibus,
508 1225 589 1289 unos
612 1209 834 1271 Grammaticus
856 1211 887 1271 in
905 1209 1004 1274 Cram.

10 1305 148 1371 ,1.424.
178 1308 354 1388 constituit,
388 1306 444 1370 sed
472 1314 545 1370 octo
575 1307 645 1368 illas
674 1306 938 1385 praescriptiones
966 1306 1005 1370 aii

10 1422 48 1469 ra
74 1403 241 1485 redigimus
268 1406 379 1485 capita.
427 1406 560 1468 Primum
587 1398 605 1466 ὁ
632 1400 740 1485 ἐλάτης
761 1410 791 1466 et
813 1404 867 1486 τῆς
888 1399 1005 1486 ἐλάτης,

11 1503 119 1567 arbum
147 1509 178 1566 et
206 1497 281 1582 ἔχεις
301 1502 527 1565 substantivum
555 1502 741 1579 homonyma
767 1518 830 1565 non
851 1519 924 1567 esso
945 1500 1006 1567 ad-

9 1621 25 1667 o
48 1616 281 1681 superuacanea
303 1608 361 1683 cst,
382 1618 473 1681 quum
495 1616 585 1663 namo
608 1602 729 1678 ignorat
750 1600 810 1664 hoo
831 1618 943 1666 noman
965 1599 1004 1666 ad
1049 1624 1057 1633 ·

10 1700 193 1780 pertinere
222 1699 413 1780 positiones,
447 1715 510 1762 non
538 1697 577 1761 ati
605 1700 749 1761 iortiritas
782 1693 1005 1777 συνεμττώοεις

10 1792 146 1879 apocope
166 1793 312 1877 θεμάτων
334 1796 437 1861 Sahal.
460 1796 515 1860 Od.
539 1797 573 1859 V.
596 1796 665 1861 281.
688 1812 789 1875 noque
811 1796 952 1875 cuiquam
972 1796 1003 1858 in

9 1896 152 1961 uveniat
173 1895 233 1957 huc
254 1895 370 1957 reterre
391 1898 476 1957 aneto
499 1902 530 1958 et
551 1893 638 1957 Meto
661 1910 699 1957 eu
720 1894 849 1956 Varron.
870 1890 918 1955 IX.
935 1891 1002 1956 150.

28 1992 105 2058 uiuo
128 1992 250 2074 quidem
278 1992 317 2056 ab
339 1992 501 2055 Eustathio
530 1992 660 2056 relatum
689 2008 717 2070 p.
739 1989 829 2071 1558,
849 1991 878 2054 5.
905 1990 1004 2063 Κοῖος

9 2114 66 2155 νον
91 2093 136 2177 τῷ
161 2083 246 2170 παρὰ
274 2086 433 2152 Μακεδόσι
470 2091 547 2176 κοίῳ
573 2083 732 2152 τουτέστιν
758 2081 899 2174 ἀριθμῷ,
932 2106 1003 2152 nam

9 2198 46 2254 ta
66 2197 138 2254 sunt
160 2206 239 2271 quae
261 2190 291 2251 in
313 2187 445 2251 diuersis
466 2188 577 2268 linguis
599 2188 679 2252 idom
700 2194 827 2271 sonent,
849 2204 908 2252 noo
932 2189 1003 2251 aui-

9 2291 111 2355 rsiona
133 2287 240 2370 digna,
260 2281 371 2367 ’Ἀρτος
391 2292 422 2349 et
443 2281 551 2367 ἄρτος,
575 2285 671 2350 Cinna
693 2293 724 2350 et
744 2287 851 2364 κίονα,
879 2282 1004 2360 weitos
