2648 4756
150 333 200 398 DE
221 333 313 401 Nona.
334 332 502 410 QUORUM
513 336 626 403 GHAR.
648 334 725 400 EST
744 335 951 404 annualis.
974 339 1041 408 (1.1.
1065 351 1094 418 ς.
1107 343 1136 409 2.
1159 345 1229 413 357

123 500 199 562 nillil
221 500 304 564 aliutl
326 516 418 580 quam
445 518 502 580 pro
529 518 607 565 roeo
635 508 794 581 postrema
825 504 972 581 proponit
997 499 1232 587 ὑποππριόίον,

120 599 207 679 quod
230 617 297 662 oum
321 597 465 678 adjuncto
485 600 609 664 nomino
628 593 762 680 ὀνείρων
788 600 962 665 consistere
983 607 1104 689 nequit,
1135 607 1231 673 Sido-

117 699 267 776 niumque
287 698 369 761 illum
390 706 473 777 putat
493 714 585 765 uuum
607 700 705 763 luisse
726 705 867 762 vetorum
881 699 1075 786 scriptorum,
1097 722 1227 787 eumque

117 796 252 874 primum
273 795 333 859 loo
352 799 457 875 specie
483 811 572 860 usum
595 813 684 875 osso;
719 798 765 860 sio
788 797 920 859 enimin
942 796 1225 868 1οσ.οοιοοοέιιι-

115 888 199 973 βοίή
221 894 445 973 interpretatur.
495 894 557 959 Sed
585 895 676 974 lupus
705 895 940 975 signilioationis
966 899 1135 963 auotoritas
1157 919 1225 969 me-

113 992 246 1053 moriam
267 1008 364 1055 meam
385 994 471 1075 rugit,
493 1010 593 1075 noque
615 994 675 1058 diui
697 999 821 1074 poterat
837 993 1029 1077 Dionysium,
1050 997 1224 1080 quicunque

113 1088 145 1151 is
168 1089 237 1169 luit,
266 1089 394 1168 primum
422 1091 513 1171 lnojus
534 1091 584 1156 vol
605 1092 670 1173 typi
691 1091 741 1157 rel
762 1107 939 1175 paragoguo
962 1093 1134 1175 exemplum
1155 1095 1224 1160 eali·-

114 1184 217 1266 disse,
251 1203 322 1249 nam
349 1188 507 1267 κονρίδιος
534 1196 565 1253 et
590 1189 753 1269 sumptores
778 1187 859 1270 apud
881 1190 1044 1255 Homerum
1070 1192 1222 1271 legnntur.

113 1284 204 1347 Nono
224 1285 294 1346 mili
316 1286 389 1365 quil
404 1287 544 1351 rideatur
566 1303 753 1368 expromam,
775 1302 838 1350 non
858 1303 920 1367 quo
942 1305 1065 1369 sperem
1086 1306 1135 1353 mo
1156 1307 1220 1355 rom

110 1383 145 1444 in
173 1383 257 1444 clara
282 1382 352 1447 luoe
380 1384 603 1450 oollooatnrum
625 1403 698 1451 osso
719 1385 775 1449 sed
802 1386 900 1464 magis
929 1393 962 1449 ut
983 1387 1064 1451 alios
1086 1386 1125 1451 ael
1147 1403 1220 1453 oer-

111 1487 216 1544 tomen
236 1481 363 1546 olioiam.
407 1484 568 1548 Sententia
587 1485 680 1565 igitur
700 1485 747 1549 sio
769 1488 832 1546 est:
854 1483 1035 1563 Dionysium
1055 1519 1097 1531 -
1119 1487 1218 1564 Syra-

109 1594 260 1641 cusanum
284 1580 420 1643 fortasse
444 1582 495 1660 qui
517 1582 611 1644 multa
631 1582 662 1644 in
684 1580 848 1644 verborum
871 1598 929 1644 usu
951 1584 1077 1645 novavit
1097 1617 1139 1629 -
1159 1583 1217 1648 ίιοο

109 1675 285 1757 adjectione
306 1695 394 1741 usum
417 1696 488 1743 esse
510 1680 648 1763 primum,
670 1679 799 1759 ejusque
821 1679 1007 1742 auctoritate
1028 1680 1083 1742 niti
1105 1679 1216 1745 Gram-

109 1776 257 1857 maticos,
292 1783 323 1839 ot
352 1782 493 1857 tanquam
514 1778 627 1842 similia
653 1792 811 1859 apponere
835 1776 1012 1857 νανρίδιος,
1046 1776 1213 1859 suppletus,

109 1872 266 1954 μοιχίδιος,
277 1873 305 1913 ¹⁴
325 1873 356 1937 ia
376 1881 478 1938 autom
499 1875 641 1940 refellere
653 1874 858 1939 Herodianum
873 1874 1047 1953 hujusmodi
1061 1876 1124 1940 loro
1139 1892 1213 1941 ver-

108 1971 158 2034 iis
178 1962 227 2044 οἷς
244 1965 304 2053 γὰρ
323 1973 457 2052 χρῶνται
476 1970 680 2054 γραμματικοὶ
699 1968 743 2045 ὧς
764 1966 890 2053 ὁμοίοις,
911 1970 1070 2054 ινμβίδιος
1087 1996 1115 2037 κ.
1137 1996 1163 2037 τ.
1184 1978 1210 2038 ί.

109 2063 245 2150 osoplon
264 2061 327 2133 ἀπὸ
347 2071 467 2151 μακρᾶς
486 2064 648 2153 ἀρχόμενα.
679 2061 792 2150 Ἐχρῆν
812 2057 872 2131 οὖν
891 2060 1074 2151 ὑποπτέρων
1092 2066 1114 2153 ἢ
1133 2066 1211 2137 ὑπο·
1276 2073 1281 2081 “

109 2163 275 2249 πτερύγων.
322 2168 442 2233 Etenim
464 2187 543 2251 quae
565 2168 722 2233 attulimus
750 2166 901 2248 adjectiva
930 2167 1031 2231 omnia
1060 2168 1209 2247 syllabam

109 2282 125 2329 u
158 2265 217 2328 lino
243 2272 381 2346 quartam
408 2267 530 2348 longam
558 2266 684 2345 habent;
714 2265 742 2328 si
770 2281 864 2330 soous
892 2272 957 2349 ost,
985 2270 1038 2328 aut
1064 2265 1209 2331 librarius

109 2364 247 2445 poooam't
260 2365 515 2428 auteonsuetudo
530 2363 568 2428 tle
589 2365 638 2427 ria
660 2363 789 2428 delenit.
815 2356 980 2447 Ἀνιμίσιος
1001 2368 1032 2426 et
1052 2354 1210 2442 ἆιινρίσιος

109 2465 166 2535 lam
188 2461 298 2525 dudum
321 2480 338 2525 e
358 2462 459 2525 merliu
482 2469 663 2542 oesserunt3
686 2461 860 2542 νννιιερίδια
881 2457 1040 2542 πνεύματα
1055 2460 1207 2542 Theophr.

109 2560 195 2624 naus.
214 2561 248 2624 ll.
269 2561 298 2641 6,
320 2562 346 2625 l.
376 2563 513 2641 quamvis
541 2562 664 2641 optimis
693 2559 781 2623 oodd.
807 2560 966 2643 firmatum,
994 2567 1078 2622 reolo
1105 2565 1206 2623 tamen

109 2659 247 2722 lleinsius
273 2660 398 2721 sustulit
425 2660 593 2722 substituto
622 2653 801 2739 ννκιὲρινα,
830 2658 913 2739 quorl
942 2666 972 2722 et
1000 2658 1104 2737 paullo
1133 2667 1204 2724 ante

112 2759 213 2836 egitur
234 2762 264 2819 et
286 2757 430 2837 sermoni,
452 2762 601 2837 utsupra
624 2756 823 2837 ostendimus,
845 2756 937 2817 mullo
951 2763 1000 2817 ost
1014 2758 1203 2820 convenien-

113 2856 181 2933 ius;
203 2847 377 2934 ἆργνίίὸιος
390 2855 554 2934 aliquoties
568 2855 600 2916 in
615 2854 720 2916 charta
733 2852 907 2931 Borghiana
920 2853 1039 2935 legitur,
1059 2843 1202 2933 ὑὲιαγιιν-

109 2952 195 3025 tiosos
215 2952 295 3033 apud
317 2952 477 3015 Constant.
500 2955 633 3015 llanass.
655 2952 685 3012 in
708 2951 813 3032 Comp.
830 2950 942 3014 Chron.
965 2969 991 3012 v.
1011 2951 1098 3011 1445.
1121 2967 1202 3028 quo-

109 3069 165 3114 ·um
195 3051 277 3111 nulla
311 3050 342 3111 in
368 3050 428 3113 hoo
456 3049 573 3128 J'utlloio
604 3050 792 3109 arrotoritas..
838 3047 966 3109 Grauius
996 3045 1200 3111 testimonium

109 3149 227 3211 traebet
254 3148 440 3210 Aristoteles
469 3146 557 3211 Polli.
579 3148 612 3210 V.
634 3144 662 3209 6.
685 3165 713 3226 p.
737 3142 825 3226 1306,
847 3143 895 3209 28.
923 3139 1116 3225 ἐγχειρίζουσι
1142 3142 1200 3227 τὴν

109 3241 244 3326 νυλοικὴν
271 3240 395 3325 ἄρχοντι
414 3245 537 3330 μεσιδίῳ
559 3281 600 3293 -
620 3240 695 3322 ὅπερ
716 3236 830 3324 συνέβη
850 3238 884 3306 ἐν
905 3245 1061 3324 Λαρίσσῃ,
1089 3251 1119 3306 et
1140 3244 1198 3305 Nl-

109 3344 222 3408 omli.
239 3346 266 3407 7,
282 3360 310 3422 p.
328 3343 415 3424 1132,
435 3343 484 3407 33.
506 3343 629 3424 ζητοῦσι
648 3337 796 3423 δικαστὴν
815 3334 910 3421 μέσον
929 3337 982 3403 καὶ
1002 3340 1131 3401 καλοῦσί
1150 3363 1197 3401 ιι-

109 3464 145 3516 νς
164 3440 333 3522 μεσιὸίονς,
356 3440 412 3503 sed
433 3440 493 3503 hoo
514 3441 584 3503 looo
607 3440 676 3503 libri
697 3438 834 3501 nonnulli
855 3436 1030 3517 μεσιὸίκονς
1051 3443 1081 3499 et
1101 3451 1189 3515 peoo

109 3543 185 3623 ’ίκην
206 3539 353 3619 praebent
375 3545 405 3600 et
426 3539 568 3620 utrinque
597 3539 697 3602 elucet
723 3552 832 3600 vooem
861 3551 877 3598 e
905 3534 1037 3598 dialecto
1065 3533 1196 3615 quadam

162 3820 205 3885 ll]
223 3819 278 3872 lloc
296 3818 416 3871 substitui
434 3832 480 3884 pro
499 3815 611 3883 σχίσιος.
632 3816 741 3883 Propius
760 3811 977 3880 θῐοιμοσχίιίιος,
992 3809 1039 3864 sad
1053 3807 1193 3863 aSchnei-

111 3919 158 3960 ero
178 3903 263 3955 lictum
283 3909 323 3957 est
341 3907 429 3953 contra
455 3899 578 3965 regulam.
616 3900 688 3961 Quae
707 3898 858 3964 Sylburgius
883 3896 1003 3963 proponit
1021 3892 1116 3960 σχίσνς
1135 3897 1191 3959 σχί-

109 3994 162 4044 'som
183 3986 297 4038 inaudita
317 3988 385 4035 sunt.
420 3981 566 4048 οίνιχίδινς
591 3981 653 4033 illud
674 3981 860 4036 restituendum
880 3984 921 4033 est
943 3979 969 4029 in
992 3973 1048 4028 ΕΜ.
1066 3976 1132 4041 380,
1149 3976 1191 4032 35,

111 4083 139 4122 ro
157 4068 291 4134 μνίίσιος,
311 4066 435 4130 idemque
455 4063 566 4117 Arcadio
584 4065 625 4129 39,
647 4064 685 4118 19.
705 4078 751 4130 pro
771 4059 932 4129 μιμοιίὼοι.
951 4059 1021 4125 quod
1040 4059 1191 4116 Schneide-

109 4167 136 4205 us
155 4153 181 4202 in
199 4150 303 4203 Auctor.
322 4148 384 4202 Lon.
403 4148 482 4200 tacito
500 4148 526 4200 in
542 4147 695 4214 μεμρίοίνς
716 4143 885 4210 transfigurat.
