<?xml version="1.0" encoding="UTF-8"?>
<!DOCTYPE html PUBLIC "-//W3C//DTD XHTML 1.0 Transitional//EN"
    "http://www.w3.org/TR/xhtml1/DTD/xhtml1-transitional.dtd">
<html xmlns="http://www.w3.org/1999/xhtml" xml:lang="en" lang="en">
 <head>
  <title>
</title>
<meta http-equiv="Content-Type" content="text/html;charset=utf-8" />
  <meta name='ocr-system' content='tesseract 3.04.00' />
  <meta name='ocr-capabilities' content='ocr_page ocr_carea ocr_par ocr_line ocrx_word'/>
</head>
<body>
  <div class='ocr_page' id='page_1' title='image "./pathologiaeserm00lobegoog_0480.png"; bbox 0 0 2648 4756; ppageno 0'>
   <div class='ocr_carea' id='block_1_1' title="bbox 105 520 1229 3667">
    <p class='ocr_par' dir='ltr' id='par_1_1' title="bbox 105 520 1229 3667">
     <span class='ocr_line' id='line_1_1' title="bbox 105 520 1217 606; baseline 0.005 -17"><span class='ocrx_word' id='word_1_1' title='bbox 105 539 173 589; x_wconf 93' lang='lat' dir='ltr'><strong>non</strong></span> <span class='ocrx_word' id='word_1_2' title='bbox 199 521 328 587; x_wconf 72' lang='grc' dir='ltr'><strong><em>λοίοθιιι</em></strong></span> <span class='ocrx_word' id='word_1_3' title='bbox 347 520 555 603; x_wconf 76' lang='lat' dir='ltr'><strong>signideantnr</strong></span> <span class='ocrx_word' id='word_1_4' title='bbox 572 520 631 587; x_wconf 83' lang='lat' dir='ltr'><strong>sed</strong></span> <span class='ocrx_word' id='word_1_5' title='bbox 651 538 691 589; x_wconf 86' lang='lat' dir='ltr'><strong>ea</strong></span> <span class='ocrx_word' id='word_1_6' title='bbox 709 538 792 606; x_wconf 82' lang='lat' dir='ltr'><strong>quae</strong></span> <span class='ocrx_word' id='word_1_7' title='bbox 812 527 951 588; x_wconf 83' lang='lat' dir='ltr'><strong>extremo</strong></span> <span class='ocrx_word' id='word_1_8' title='bbox 972 527 1217 597; x_wconf 85' lang='lat' dir='ltr'><strong>oonoertantium</strong></span> 
     </span>
     <span class='ocr_line' id='line_1_2' title="bbox 105 615 1217 703; baseline 0.006 -15"><span class='ocrx_word' id='word_1_9' title='bbox 105 622 226 689; x_wconf 91' lang='lat' dir='ltr'><strong>oedunt</strong></span> <span class='ocrx_word' id='word_1_10' title='bbox 253 626 288 685; x_wconf 95' lang='lat' dir='ltr'><strong>ut</strong></span> <span class='ocrx_word' id='word_1_11' title='bbox 312 624 459 703; x_wconf 73' lang='grc' dir='ltr'><strong><em>ιιοοιοίο,</em></strong></span> <span class='ocrx_word' id='word_1_12' title='bbox 486 616 640 701; x_wconf 63' lang='lat' dir='ltr'><strong>&amp;maeste</strong></span> <span class='ocrx_word' id='word_1_13' title='bbox 660 626 720 689; x_wconf 88' lang='lat' dir='ltr'><strong>eto.</strong></span> <span class='ocrx_word' id='word_1_14' title='bbox 754 615 916 703; x_wconf 74' lang='grc' dir='ltr'><strong><em>Κοοοήιοο</em></strong></span> <span class='ocrx_word' id='word_1_15' title='bbox 935 621 1011 687; x_wconf 84' lang='lat' dir='ltr'>nihil</span> <span class='ocrx_word' id='word_1_16' title='bbox 1030 639 1146 691; x_wconf 89' lang='lat' dir='ltr'><strong>oausae</strong></span> <span class='ocrx_word' id='word_1_17' title='bbox 1166 636 1217 695; x_wconf 91' lang='lat' dir='ltr'><strong>est</strong></span> 
     </span>
     <span class='ocr_line' id='line_1_3' title="bbox 107 714 1218 805; baseline 0.005 -19"><span class='ocrx_word' id='word_1_18' title='bbox 107 738 167 786; x_wconf 90' lang='lat' dir='ltr'><strong>eur</strong></span> <span class='ocrx_word' id='word_1_19' title='bbox 190 736 247 803; x_wconf 93' lang='lat' dir='ltr'><strong>pro</strong></span> <span class='ocrx_word' id='word_1_20' title='bbox 271 714 398 801; x_wconf 73' lang='grc' dir='ltr'><strong><em>ιιούοιοο</em></strong></span> <span class='ocrx_word' id='word_1_21' title='bbox 427 720 534 802; x_wconf 85' lang='lat' dir='ltr'><strong>potius</strong></span> <span class='ocrx_word' id='word_1_22' title='bbox 559 736 652 801; x_wconf 81' lang='lat' dir='ltr'><strong>quam</strong></span> <span class='ocrx_word' id='word_1_23' title='bbox 673 737 730 803; x_wconf 92' lang='lat' dir='ltr'><strong>pro</strong></span> <span class='ocrx_word' id='word_1_24' title='bbox 751 715 894 799; x_wconf 77' lang='grc' dir='ltr'><strong><em>ιιοήοειος</em></strong></span> <span class='ocrx_word' id='word_1_25' title='bbox 916 715 1062 805; x_wconf 67' lang='lat' dir='ltr'><strong>(adorus)</strong></span> <span class='ocrx_word' id='word_1_26' title='bbox 1082 727 1218 805; x_wconf 90' lang='lat' dir='ltr'><strong>positum</strong></span> 
     </span>
     <span class='ocr_line' id='line_1_4' title="bbox 107 813 1218 903; baseline 0.005 -18"><span class='ocrx_word' id='word_1_27' title='bbox 107 820 259 885; x_wconf 89' lang='lat' dir='ltr'><strong>dieamus.</strong></span> <span class='ocrx_word' id='word_1_28' title='bbox 297 813 454 903; x_wconf 81' lang='grc' dir='ltr'><strong><em>Λοιοήιον</em></strong></span> <span class='ocrx_word' id='word_1_29' title='bbox 480 816 563 883; x_wconf 90' lang='lat' dir='ltr'><strong>unde</strong></span> <span class='ocrx_word' id='word_1_30' title='bbox 588 820 703 901; x_wconf 80' lang='lat' dir='ltr'><strong>laetum</strong></span> <span class='ocrx_word' id='word_1_31' title='bbox 724 821 765 885; x_wconf 89' lang='lat' dir='ltr'><strong>sit</strong></span> <span class='ocrx_word' id='word_1_32' title='bbox 784 821 951 902; x_wconf 83' lang='lat' dir='ltr'><strong>insertum,</strong></span> <span class='ocrx_word' id='word_1_33' title='bbox 979 836 1036 900; x_wconf 93' lang='lat' dir='ltr'><strong>pre</strong></span> <span class='ocrx_word' id='word_1_34' title='bbox 1057 816 1164 899; x_wconf 74' lang='grc' dir='ltr'><strong><em>λάσιος</em></strong></span> <span class='ocrx_word' id='word_1_35' title='bbox 1183 832 1218 893; x_wconf 90' lang='lat' dir='ltr'><strong>nt</strong></span> 
     </span>
     <span class='ocr_line' id='line_1_5' title="bbox 109 916 1217 1002; baseline 0.002 -17"><span class='ocrx_word' id='word_1_36' title='bbox 109 918 184 985; x_wconf 90' lang='lat' dir='ltr'><strong>Selr.</strong></span> <span class='ocrx_word' id='word_1_37' title='bbox 204 918 237 983; x_wconf 92' lang='lat' dir='ltr'><strong>ll.</strong></span> <span class='ocrx_word' id='word_1_38' title='bbox 259 916 293 982; x_wconf 78' lang='lat' dir='ltr'><strong>V.</strong></span> <span class='ocrx_word' id='word_1_39' title='bbox 314 916 384 984; x_wconf 74' lang='lat'>553.</span> <span class='ocrx_word' id='word_1_40' title='bbox 415 918 576 1002; x_wconf 75' lang='lat' dir='ltr'><strong>opinatur,</strong></span> <span class='ocrx_word' id='word_1_41' title='bbox 607 935 672 983; x_wconf 93' lang='lat' dir='ltr'><strong>non</strong></span> <span class='ocrx_word' id='word_1_42' title='bbox 698 917 813 983; x_wconf 88' lang='lat' dir='ltr'><strong>dietum</strong></span> <span class='ocrx_word' id='word_1_43' title='bbox 840 936 913 985; x_wconf 88' lang='lat' dir='ltr'><strong>esse</strong></span> <span class='ocrx_word' id='word_1_44' title='bbox 934 919 1138 987; x_wconf 80' lang='lat' dir='ltr'><strong>mrtissimun</strong></span> <span class='ocrx_word' id='word_1_45' title='bbox 1158 931 1217 991; x_wconf 81' lang='lat' dir='ltr'><strong>eet</strong></span> 
     </span>
     <span class='ocr_line' id='line_1_6' title="bbox 108 1012 1219 1100; baseline 0.005 -19"><span class='ocrx_word' id='word_1_46' title='bbox 108 1012 293 1099; x_wconf 78' lang='grc' dir='ltr'><strong><em>Θοομβήιον</em></strong></span> <span class='ocrx_word' id='word_1_47' title='bbox 317 1015 473 1081; x_wconf 74' lang='lat' dir='ltr'><strong>Nicander</strong></span> <span class='ocrx_word' id='word_1_48' title='bbox 500 1016 548 1081; x_wconf 87' lang='lat' dir='ltr'><strong>sio</strong></span> <span class='ocrx_word' id='word_1_49' title='bbox 571 1018 678 1098; x_wconf 78' lang='lat' dir='ltr'><strong>posuit</strong></span> <span class='ocrx_word' id='word_1_50' title='bbox 704 1024 739 1082; x_wconf 91' lang='lat' dir='ltr'><strong>ut</strong></span> <span class='ocrx_word' id='word_1_51' title='bbox 765 1034 835 1083; x_wconf 88' lang='lat' dir='ltr'><strong>eum</strong></span> <span class='ocrx_word' id='word_1_52' title='bbox 858 1017 1015 1100; x_wconf 73' lang='grc' dir='ltr'><strong><em>θοομβίον</em></strong></span> <span class='ocrx_word' id='word_1_53' title='bbox 1037 1024 1219 1087; x_wconf 77' lang='lat' dir='ltr'><strong>commutari</strong></span> 
     </span>
     <span class='ocr_line' id='line_1_7' title="bbox 107 1112 1218 1199; baseline 0.005 -21"><span class='ocrx_word' id='word_1_54' title='bbox 107 1116 227 1197; x_wconf 87' lang='lat' dir='ltr'><strong>possit,</strong></span> <span class='ocrx_word' id='word_1_55' title='bbox 247 1131 308 1179; x_wconf 90' lang='lat' dir='ltr'><strong>neo</strong></span> <span class='ocrx_word' id='word_1_56' title='bbox 329 1120 433 1180; x_wconf 84' lang='lat' dir='ltr'><strong>tamen</strong></span> <span class='ocrx_word' id='word_1_57' title='bbox 451 1112 533 1189; x_wconf 85' lang='lat' dir='ltr'><strong>idom</strong></span> <span class='ocrx_word' id='word_1_58' title='bbox 554 1120 620 1195; x_wconf 81' lang='lat' dir='ltr'><strong>est3</strong></span> <span class='ocrx_word' id='word_1_59' title='bbox 645 1132 716 1179; x_wconf 90' lang='lat' dir='ltr'><strong>nam</strong></span> <span class='ocrx_word' id='word_1_60' title='bbox 737 1115 798 1180; x_wconf 85' lang='lat' dir='ltr'><strong>lreo</strong></span> <span class='ocrx_word' id='word_1_61' title='bbox 818 1133 892 1181; x_wconf 85' lang='lat' dir='ltr'><strong>vere</strong></span> <span class='ocrx_word' id='word_1_62' title='bbox 913 1116 1146 1199; x_wconf 75' lang='lat' dir='ltr'><strong>deminutivum,</strong></span> <span class='ocrx_word' id='word_1_63' title='bbox 1165 1118 1218 1187; x_wconf 93' lang='lat' dir='ltr'><strong>ille</strong></span> 
     </span>
     <span class='ocr_line' id='line_1_8' title="bbox 108 1209 1220 1297; baseline 0.004 -18"><span class='ocrx_word' id='word_1_64' title='bbox 108 1213 429 1281; x_wconf 83' lang='lat' dir='ltr'><strong>metaseltemntismue</strong></span> <span class='ocrx_word' id='word_1_65' title='bbox 456 1220 507 1279; x_wconf 87' lang='lat' dir='ltr'><strong>est</strong></span> <span class='ocrx_word' id='word_1_66' title='bbox 534 1218 569 1279; x_wconf 93' lang='lat' dir='ltr'><strong>ut</strong></span> <span class='ocrx_word' id='word_1_67' title='bbox 595 1209 749 1297; x_wconf 76' lang='grc' dir='ltr'><strong><em>ἰοονιήιον</em></strong></span> <span class='ocrx_word' id='word_1_68' title='bbox 775 1222 807 1279; x_wconf 88' lang='lat' dir='ltr'><strong>et</strong></span> <span class='ocrx_word' id='word_1_69' title='bbox 833 1214 896 1279; x_wconf 87' lang='lat' dir='ltr'><strong>alia</strong></span> <span class='ocrx_word' id='word_1_70' title='bbox 921 1213 992 1279; x_wconf 85' lang='lat' dir='ltr'><strong>lule</strong></span> <span class='ocrx_word' id='word_1_71' title='bbox 1018 1220 1133 1296; x_wconf 84' lang='lat' dir='ltr'><strong>poetae</strong></span> <span class='ocrx_word' id='word_1_72' title='bbox 1152 1217 1220 1283; x_wconf 82' lang='lat' dir='ltr'><strong>tle-</strong></span> 
     </span>
     <span class='ocr_line' id='line_1_9' title="bbox 108 1312 1220 1397; baseline 0.008 -21"><span class='ocrx_word' id='word_1_73' title='bbox 108 1319 266 1397; x_wconf 77' lang='lat' dir='ltr'><strong>quenula,</strong></span> <span class='ocrx_word' id='word_1_74' title='bbox 292 1329 373 1395; x_wconf 84' lang='lat' dir='ltr'><strong>qnae</strong></span> <span class='ocrx_word' id='word_1_75' title='bbox 393 1312 528 1381; x_wconf 84' lang='lat' dir='ltr'><strong>indicari</strong></span> <span class='ocrx_word' id='word_1_76' title='bbox 553 1313 586 1378; x_wconf 93' lang='lat' dir='ltr'><strong>in</strong></span> <span class='ocrx_word' id='word_1_77' title='bbox 605 1312 716 1377; x_wconf 81' lang='lat' dir='ltr'><strong>Parati</strong></span> <span class='ocrx_word' id='word_1_78' title='bbox 735 1312 807 1379; x_wconf 74' lang='grc'><strong>324.</strong></span> <span class='ocrx_word' id='word_1_79' title='bbox 844 1312 1047 1378; x_wconf 84' lang='lat' dir='ltr'><strong>Deminntivis</strong></span> <span class='ocrx_word' id='word_1_80' title='bbox 1067 1320 1168 1381; x_wconf 87' lang='lat' dir='ltr'><strong>autern</strong></span> <span class='ocrx_word' id='word_1_81' title='bbox 1188 1322 1220 1385; x_wconf 89' lang='lat' dir='ltr'><strong>et</strong></span> 
     </span>
     <span class='ocr_line' id='line_1_10' title="bbox 110 1410 1219 1494; baseline 0.006 -20"><span class='ocrx_word' id='word_1_82' title='bbox 110 1426 194 1491; x_wconf 80' lang='lat' dir='ltr'><strong>qnae</strong></span> <span class='ocrx_word' id='word_1_83' title='bbox 218 1410 417 1479; x_wconf 77' lang='lat' dir='ltr'><strong>dissimilem</strong></span> <span class='ocrx_word' id='word_1_84' title='bbox 436 1413 575 1494; x_wconf 83' lang='lat' dir='ltr'><strong>speeiem</strong></span> <span class='ocrx_word' id='word_1_85' title='bbox 601 1412 717 1477; x_wconf 85' lang='lat' dir='ltr'><strong>labent</strong></span> <span class='ocrx_word' id='word_1_86' title='bbox 736 1410 851 1493; x_wconf 74' lang='grc' dir='ltr'><strong><em>ἰχνιον,</em></strong></span> <span class='ocrx_word' id='word_1_87' title='bbox 879 1411 997 1491; x_wconf 79' lang='grc' dir='ltr'><strong><em>ἰνοιον,</em></strong></span> <span class='ocrx_word' id='word_1_88' title='bbox 1018 1410 1135 1493; x_wconf 78' lang='grc' dir='ltr'><strong><em>οἰκλον,</em></strong></span> <span class='ocrx_word' id='word_1_89' title='bbox 1155 1434 1219 1481; x_wconf 75' lang='grc' dir='ltr'><strong><em>τοι·</em></strong></span> 
     </span>
     <span class='ocr_line' id='line_1_11' title="bbox 109 1508 1219 1601; baseline 0.002 -26"><span class='ocrx_word' id='word_1_90' title='bbox 109 1508 184 1591; x_wconf 71' lang='grc' dir='ltr'><strong>χίον</strong></span> <span class='ocrx_word' id='word_1_91' title='bbox 212 1526 367 1593; x_wconf 80' lang='lat' dir='ltr'><strong>nunquam</strong></span> <span class='ocrx_word' id='word_1_92' title='bbox 399 1518 452 1575; x_wconf 86' lang='lat' dir='ltr'><strong>eta</strong></span> <span class='ocrx_word' id='word_1_93' title='bbox 485 1511 713 1593; x_wconf 86' lang='lat' dir='ltr'><strong>intertureitur,</strong></span> <span class='ocrx_word' id='word_1_94' title='bbox 744 1526 803 1575; x_wconf 91' lang='lat' dir='ltr'><strong>neo</strong></span> <span class='ocrx_word' id='word_1_95' title='bbox 829 1510 967 1574; x_wconf 78' lang='lat' dir='ltr'><strong>vicissim</strong></span> <span class='ocrx_word' id='word_1_96' title='bbox 996 1511 1139 1575; x_wconf 81' lang='lat' dir='ltr'><strong>eximitur</strong></span> <span class='ocrx_word' id='word_1_97' title='bbox 1167 1514 1219 1601; x_wconf 79' lang='lat' dir='ltr'><strong>iio,</strong></span> 
     </span>
     <span class='ocr_line' id='line_1_12' title="bbox 108 1592 1219 1724; baseline 0.004 -53"><span class='ocrx_word' id='word_1_98' title='bbox 108 1624 192 1724; x_wconf 77' lang='lat' dir='ltr'><strong>quae</strong></span> <span class='ocrx_word' id='word_1_99' title='bbox 212 1609 245 1675; x_wconf 93' lang='lat' dir='ltr'><strong>in</strong></span> <span class='ocrx_word' id='word_1_100' title='bbox 264 1609 419 1675; x_wconf 86' lang='lat' dir='ltr'><strong>oommmi</strong></span> <span class='ocrx_word' id='word_1_101' title='bbox 439 1626 585 1675; x_wconf 88' lang='lat' dir='ltr'><strong>sermone</strong></span> <span class='ocrx_word' id='word_1_102' title='bbox 607 1605 852 1675; x_wconf 84' lang='lat' dir='ltr'><strong>terminationem</strong></span> <span class='ocrx_word' id='word_1_103' title='bbox 870 1629 937 1673; x_wconf 80' lang='grc' dir='ltr'><strong><em>ειον</em></strong></span> <span class='ocrx_word' id='word_1_104' title='bbox 869 1592 1086 1691; x_wconf 77' lang='grc' dir='ltr'><strong>““”,Ιιοί)οιιλ</strong></span> <span class='ocrx_word' id='word_1_105' title='bbox 1113 1616 1148 1674; x_wconf 91' lang='lat' dir='ltr'><strong>nt</strong></span> <span class='ocrx_word' id='word_1_106' title='bbox 1166 1609 1219 1675; x_wconf 86' lang='lat' dir='ltr'><strong>do-</strong></span> 
     </span>
     <span class='ocr_line' id='line_1_13' title="bbox 107 1701 1220 1791; baseline 0 -1"><span class='ocrx_word' id='word_1_107' title='bbox 107 1701 211 1791; x_wconf 71' lang='lat' dir='ltr'><strong>eim</strong></span> <span class='ocrx_word' id='word_1_108' title='bbox 231 1702 402 1791; x_wconf 71' lang='lat' dir='ltr'><strong>vuteiwv</strong></span> <span class='ocrx_word' id='word_1_109' title='bbox 421 1704 583 1791; x_wconf 67' lang='grc' dir='ltr'><strong>μαντήιον</strong></span> <span class='ocrx_word' id='word_1_110' title='bbox 601 1704 769 1791; x_wconf 66' lang='lat' dir='ltr'><strong>neuim.</strong></span> <span class='ocrx_word' id='word_1_111' title='bbox 789 1702 926 1791; x_wconf 67' lang='grc' dir='ltr'><strong>λωφήια,</strong></span> <span class='ocrx_word' id='word_1_112' title='bbox 953 1702 1121 1790; x_wconf 62' lang='lat' dir='ltr'><strong>merted«</strong></span> <span class='ocrx_word' id='word_1_113' title='bbox 1139 1708 1220 1775; x_wconf 66' lang='grc' dir='ltr'><strong>Μν-</strong></span> 
     </span>
     <span class='ocr_line' id='line_1_14' title="bbox 110 1804 1220 1889; baseline 0.002 -18"><span class='ocrx_word' id='word_1_114' title='bbox 110 1807 181 1871; x_wconf 86' lang='lat' dir='ltr'><strong>oell</strong></span> <span class='ocrx_word' id='word_1_115' title='bbox 201 1806 294 1873; x_wconf 68' lang='lat' dir='ltr'><strong>nti.</strong></span> <span class='ocrx_word' id='word_1_116' title='bbox 315 1806 405 1873; x_wconf 77' lang='lat' dir='ltr'><strong>Antln</strong></span> <span class='ocrx_word' id='word_1_117' title='bbox 418 1806 441 1875; x_wconf 80' lang='lat'><strong>1.</strong></span> <span class='ocrx_word' id='word_1_118' title='bbox 455 1806 506 1872; x_wconf 82' lang='lat'><strong>32</strong></span> <span class='ocrx_word' id='word_1_119' title='bbox 545 1807 663 1873; x_wconf 91' lang='lat' dir='ltr'><strong>llornrn</strong></span> <span class='ocrx_word' id='word_1_120' title='bbox 683 1808 856 1889; x_wconf 80' lang='lat' dir='ltr'><strong>exemplum</strong></span> <span class='ocrx_word' id='word_1_121' title='bbox 876 1810 1049 1888; x_wconf 74' lang='lat' dir='ltr'><strong>sequuntur</strong></span> <span class='ocrx_word' id='word_1_122' title='bbox 1066 1804 1220 1887; x_wconf 76' lang='lat' dir='ltr'><strong>adjeeura</strong></span> 
     </span>
     <span class='ocr_line' id='line_1_15' title="bbox 109 1897 1222 1988; baseline 0.003 -20"><span class='ocrx_word' id='word_1_123' title='bbox 109 1900 234 1988; x_wconf 71' lang='grc' dir='ltr'><strong><em>γοιήιος</em></strong></span> <span class='ocrx_word' id='word_1_124' title='bbox 260 1921 317 1988; x_wconf 85' lang='lat' dir='ltr'><strong>pro</strong></span> <span class='ocrx_word' id='word_1_125' title='bbox 337 1905 454 1988; x_wconf 72' lang='grc' dir='ltr'><strong><em>γολιιος</em></strong></span> <span class='ocrx_word' id='word_1_126' title='bbox 479 1921 548 1970; x_wconf 91' lang='lat' dir='ltr'><strong>oum</strong></span> <span class='ocrx_word' id='word_1_127' title='bbox 576 1907 729 1973; x_wconf 89' lang='lat' dir='ltr'><strong>temininis</strong></span> <span class='ocrx_word' id='word_1_128' title='bbox 748 1906 850 1987; x_wconf 74' lang='grc' dir='ltr'><strong><em>γοιήίς</em></strong></span> <span class='ocrx_word' id='word_1_129' title='bbox 869 1910 902 1969; x_wconf 89' lang='lat' dir='ltr'><strong>et</strong></span> <span class='ocrx_word' id='word_1_130' title='bbox 921 1897 1045 1986; x_wconf 71' lang='grc' dir='ltr'><strong><em>γαιηιᾶε</em></strong></span> <span class='ocrx_word' id='word_1_131' title='bbox 1063 1937 1107 1951; x_wconf 91' lang='lat'><em>-</em></span> <span class='ocrx_word' id='word_1_132' title='bbox 1127 1910 1159 1969; x_wconf 94' lang='lat' dir='ltr'><strong>et</strong></span> <span class='ocrx_word' id='word_1_133' title='bbox 1179 1906 1222 1971; x_wconf 89' lang='lat' dir='ltr'><strong>si·</strong></span> 
     </span>
     <span class='ocr_line' id='line_1_16' title="bbox 110 1997 1219 2088; baseline -0.001 -19"><span class='ocrx_word' id='word_1_134' title='bbox 110 2002 225 2069; x_wconf 80' lang='lat' dir='ltr'><strong>milmr</strong></span> <span class='ocrx_word' id='word_1_135' title='bbox 236 1998 362 2087; x_wconf 80' lang='grc' dir='ltr'><strong><em>μοιήιος</em></strong></span> <span class='ocrx_word' id='word_1_136' title='bbox 374 2000 574 2088; x_wconf 57' lang='lat' dir='ltr'><strong>somarios,</strong></span> <span class='ocrx_word' id='word_1_137' title='bbox 595 2001 730 2087; x_wconf 70' lang='lat' dir='ltr'><strong>dopp&#39;eoc,</strong></span> <span class='ocrx_word' id='word_1_138' title='bbox 751 2000 869 2086; x_wconf 76' lang='grc' dir='ltr'><strong><em>θεήιος,</em></strong></span> <span class='ocrx_word' id='word_1_139' title='bbox 889 1997 1045 2083; x_wconf 53' lang='lat' dir='ltr'><strong>uomitus,</strong></span> <span class='ocrx_word' id='word_1_140' title='bbox 1065 2000 1219 2087; x_wconf 70' lang='grc' dir='ltr'><strong><em>ποιθήιος,</em></strong></span> 
     </span>
     <span class='ocr_line' id='line_1_17' title="bbox 109 2095 1222 2186; baseline 0.002 -19"><span class='ocrx_word' id='word_1_141' title='bbox 109 2095 255 2185; x_wconf 67' lang='lat' dir='ltr'><strong>monitos,</strong></span> <span class='ocrx_word' id='word_1_142' title='bbox 276 2101 317 2168; x_wconf 90' lang='lat' dir='ltr'><strong>ad</strong></span> <span class='ocrx_word' id='word_1_143' title='bbox 336 2103 397 2169; x_wconf 90' lang='lat' dir='ltr'><strong>lroo</strong></span> <span class='ocrx_word' id='word_1_144' title='bbox 415 2120 455 2169; x_wconf 88' lang='lat' dir='ltr'><strong>ea</strong></span> <span class='ocrx_word' id='word_1_145' title='bbox 474 2120 555 2186; x_wconf 83' lang='lat' dir='ltr'><strong>quae</strong></span> <span class='ocrx_word' id='word_1_146' title='bbox 576 2102 771 2167; x_wconf 87' lang='lat' dir='ltr'><strong>Grammatioi</strong></span> <span class='ocrx_word' id='word_1_147' title='bbox 791 2121 811 2167; x_wconf 90' lang='lat' dir='ltr'><strong>a</strong></span> <span class='ocrx_word' id='word_1_148' title='bbox 830 2101 967 2181; x_wconf 73' lang='lat' dir='ltr'><strong>genitivo</strong></span> <span class='ocrx_word' id='word_1_149' title='bbox 988 2099 1103 2182; x_wconf 83' lang='lat' dir='ltr'><strong>ioniae,</strong></span> <span class='ocrx_word' id='word_1_150' title='bbox 1123 2108 1157 2165; x_wconf 92' lang='lat' dir='ltr'><strong>ut</strong></span> <span class='ocrx_word' id='word_1_151' title='bbox 1178 2104 1222 2169; x_wconf 83' lang='lat' dir='ltr'><strong>ie-</strong></span> 
     </span>
     <span class='ocr_line' id='line_1_18' title="bbox 111 2186 1221 2286; baseline -0.005 -21"><span class='ocrx_word' id='word_1_152' title='bbox 111 2201 229 2265; x_wconf 91' lang='lat' dir='ltr'><strong>minina</strong></span> <span class='ocrx_word' id='word_1_153' title='bbox 247 2201 281 2267; x_wconf 95' lang='lat' dir='ltr'><strong>in</strong></span> <span class='ocrx_word' id='word_1_154' title='bbox 297 2186 359 2286; x_wconf 70' lang='grc' dir='ltr'><strong>ηἶῖ</strong></span> <span class='ocrx_word' id='word_1_155' title='bbox 360 2205 513 2286; x_wconf 81' lang='lat' dir='ltr'><strong>exeuntia,</strong></span> <span class='ocrx_word' id='word_1_156' title='bbox 533 2202 673 2269; x_wconf 83' lang='lat' dir='ltr'><strong>derivata</strong></span> <span class='ocrx_word' id='word_1_157' title='bbox 692 2200 798 2265; x_wconf 89' lang='lat' dir='ltr'><strong>dieunt</strong></span> <span class='ocrx_word' id='word_1_158' title='bbox 817 2200 916 2267; x_wconf 83' lang='lat' dir='ltr'><strong>Crem.</strong></span> <span class='ocrx_word' id='word_1_159' title='bbox 934 2198 957 2263; x_wconf 83' lang='lat' dir='ltr'><strong>l.</strong></span> <span class='ocrx_word' id='word_1_160' title='bbox 972 2195 1042 2265; x_wconf 71' lang='lat'><strong>124.</strong></span> <span class='ocrx_word' id='word_1_161' title='bbox 1063 2196 1221 2281; x_wconf 76' lang='grc' dir='ltr'><strong><em>βοοιλήος,</em></strong></span> 
     </span>
     <span class='ocr_line' id='line_1_19' title="bbox 109 2292 1223 2385; baseline -0.004 -18"><span class='ocrx_word' id='word_1_162' title='bbox 109 2292 268 2383; x_wconf 71' lang='grc' dir='ltr'><strong><em>Ἅχνλλήος</em></strong></span> <span class='ocrx_word' id='word_1_163' title='bbox 281 2308 340 2367; x_wconf 88' lang='lat' dir='ltr'><strong>ete.</strong></span> <span class='ocrx_word' id='word_1_164' title='bbox 368 2301 435 2367; x_wconf 85' lang='lat' dir='ltr'><strong>tam</strong></span> <span class='ocrx_word' id='word_1_165' title='bbox 455 2301 495 2367; x_wconf 95' lang='lat' dir='ltr'><strong>de</strong></span> <span class='ocrx_word' id='word_1_166' title='bbox 515 2296 647 2385; x_wconf 75' lang='grc' dir='ltr'><strong><em>ιοφήιος</em></strong></span> <span class='ocrx_word' id='word_1_167' title='bbox 666 2306 698 2366; x_wconf 88' lang='lat' dir='ltr'><strong>et</strong></span> <span class='ocrx_word' id='word_1_168' title='bbox 710 2293 813 2382; x_wconf 89' lang='grc' dir='ltr'><strong><em>οἰήιον</em></strong></span> <span class='ocrx_word' id='word_1_169' title='bbox 824 2296 1006 2363; x_wconf 82' lang='lat' dir='ltr'><strong>llustutlriue</strong></span> <span class='ocrx_word' id='word_1_170' title='bbox 1018 2295 1132 2361; x_wconf 92' lang='lat' dir='ltr'><strong>nemini</strong></span> <span class='ocrx_word' id='word_1_171' title='bbox 1146 2312 1223 2379; x_wconf 84' lang='lat' dir='ltr'><strong>per·</strong></span> 
     </span>
     <span class='ocr_line' id='line_1_20' title="bbox 110 2390 1222 2483; baseline -0.002 -18"><span class='ocrx_word' id='word_1_172' title='bbox 110 2399 251 2465; x_wconf 77' lang='lat' dir='ltr'><strong>suaserit</strong></span> <span class='ocrx_word' id='word_1_173' title='bbox 271 2404 306 2464; x_wconf 92' lang='lat' dir='ltr'><strong>nt</strong></span> <span class='ocrx_word' id='word_1_174' title='bbox 326 2400 511 2483; x_wconf 82' lang='lat' dir='ltr'><strong>ampliiloata</strong></span> <span class='ocrx_word' id='word_1_175' title='bbox 531 2401 656 2483; x_wconf 87' lang='lat' dir='ltr'><strong>eredat,</strong></span> <span class='ocrx_word' id='word_1_176' title='bbox 676 2415 747 2465; x_wconf 91' lang='lat' dir='ltr'><strong>nam</strong></span> <span class='ocrx_word' id='word_1_177' title='bbox 768 2395 872 2480; x_wconf 87' lang='grc' dir='ltr'><strong><em>οἰήιον</em></strong></span> <span class='ocrx_word' id='word_1_178' title='bbox 891 2395 931 2461; x_wconf 84' lang='lat' dir='ltr'><strong>al)</strong></span> <span class='ocrx_word' id='word_1_179' title='bbox 953 2392 1011 2459; x_wconf 83' lang='grc' dir='ltr'><strong>οἰω</strong></span> <span class='ocrx_word' id='word_1_180' title='bbox 1031 2390 1142 2477; x_wconf 68' lang='lat' dir='ltr'><strong>(nude)</strong></span> <span class='ocrx_word' id='word_1_181' title='bbox 1163 2395 1222 2463; x_wconf 89' lang='lat' dir='ltr'><strong>de·</strong></span> 
     </span>
     <span class='ocr_line' id='line_1_21' title="bbox 111 2492 1223 2582; baseline -0.001 -19"><span class='ocrx_word' id='word_1_182' title='bbox 111 2497 246 2563; x_wconf 75' lang='lat' dir='ltr'><strong>nuatum</strong></span> <span class='ocrx_word' id='word_1_183' title='bbox 275 2505 308 2563; x_wconf 91' lang='lat' dir='ltr'><strong>ut</strong></span> <span class='ocrx_word' id='word_1_184' title='bbox 328 2498 413 2579; x_wconf 80' lang='grc' dir='ltr'><strong><em>οἰοιξ,</em></strong></span> <span class='ocrx_word' id='word_1_185' title='bbox 433 2499 591 2582; x_wconf 88' lang='lat' dir='ltr'><strong>propriam</strong></span> <span class='ocrx_word' id='word_1_186' title='bbox 611 2500 661 2565; x_wconf 84' lang='lat' dir='ltr'><strong>sui</strong></span> <span class='ocrx_word' id='word_1_187' title='bbox 680 2496 804 2579; x_wconf 79' lang='lat' dir='ltr'><strong>generis</strong></span> <span class='ocrx_word' id='word_1_188' title='bbox 824 2492 1069 2560; x_wconf 74' lang='lat' dir='ltr'><strong>terminationem</strong></span> <span class='ocrx_word' id='word_1_189' title='bbox 1090 2508 1166 2574; x_wconf 85' lang='lat' dir='ltr'><strong>prae</strong></span> <span class='ocrx_word' id='word_1_190' title='bbox 1186 2511 1223 2561; x_wconf 91' lang='lat' dir='ltr'><strong>se</strong></span> 
     </span>
     <span class='ocr_line' id='line_1_22' title="bbox 113 2591 1223 2681; baseline -0.004 -20"><span class='ocrx_word' id='word_1_191' title='bbox 113 2596 176 2661; x_wconf 87' lang='lat' dir='ltr'><strong>lert</strong></span> <span class='ocrx_word' id='word_1_192' title='bbox 195 2602 230 2660; x_wconf 90' lang='lat' dir='ltr'><strong>nt</strong></span> <span class='ocrx_word' id='word_1_193' title='bbox 249 2593 416 2681; x_wconf 80' lang='grc' dir='ltr'><strong><em>οοοιιήιον,</em></strong></span> <span class='ocrx_word' id='word_1_194' title='bbox 441 2594 578 2681; x_wconf 77' lang='grc' dir='ltr'><strong><em>ιοορήιον</em></strong></span> <span class='ocrx_word' id='word_1_195' title='bbox 605 2604 637 2663; x_wconf 91' lang='lat' dir='ltr'><strong>et</strong></span> <span class='ocrx_word' id='word_1_196' title='bbox 663 2598 726 2662; x_wconf 88' lang='lat' dir='ltr'><strong>alia</strong></span> <span class='ocrx_word' id='word_1_197' title='bbox 751 2597 1023 2661; x_wconf 88' lang='lat' dir='ltr'><strong>instrumentomm</strong></span> <span class='ocrx_word' id='word_1_198' title='bbox 1050 2591 1223 2673; x_wconf 80' lang='lat' dir='ltr'><strong>uocabula3</strong></span> 
     </span>
     <span class='ocr_line' id='line_1_23' title="bbox 111 2687 1224 2780; baseline -0.001 -23"><span class='ocrx_word' id='word_1_199' title='bbox 111 2687 242 2775; x_wconf 76' lang='grc' dir='ltr'><strong><em>τάφειος</em></strong></span> <span class='ocrx_word' id='word_1_200' title='bbox 261 2696 289 2759; x_wconf 94' lang='lat' dir='ltr'><strong>si</strong></span> <span class='ocrx_word' id='word_1_201' title='bbox 309 2713 460 2780; x_wconf 84' lang='lat' dir='ltr'><strong>nusquam</strong></span> <span class='ocrx_word' id='word_1_202' title='bbox 480 2697 606 2777; x_wconf 75' lang='lat' dir='ltr'><strong>legitur,</strong></span> <span class='ocrx_word' id='word_1_203' title='bbox 629 2701 730 2760; x_wconf 83' lang='lat' dir='ltr'><strong>tanmn</strong></span> <span class='ocrx_word' id='word_1_204' title='bbox 752 2710 860 2760; x_wconf 89' lang='lat' dir='ltr'><strong>omnes</strong></span> <span class='ocrx_word' id='word_1_205' title='bbox 881 2690 1093 2773; x_wconf 84' lang='lat' dir='ltr'><strong>proportionis</strong></span> <span class='ocrx_word' id='word_1_206' title='bbox 1113 2706 1224 2757; x_wconf 92' lang='lat' dir='ltr'><strong>nurne-</strong></span> 
     </span>
     <span class='ocr_line' id='line_1_24' title="bbox 112 2781 1225 2877; baseline 0.002 -18"><span class='ocrx_word' id='word_1_207' title='bbox 112 2808 172 2859; x_wconf 89' lang='lat' dir='ltr'><strong>ros</strong></span> <span class='ocrx_word' id='word_1_208' title='bbox 192 2792 296 2877; x_wconf 78' lang='lat' dir='ltr'><strong>nabet,</strong></span> <span class='ocrx_word' id='word_1_209' title='bbox 317 2812 376 2860; x_wconf 92' lang='lat' dir='ltr'><strong>nee</strong></span> <span class='ocrx_word' id='word_1_210' title='bbox 396 2795 535 2861; x_wconf 78' lang='lat' dir='ltr'><strong>illicitum</strong></span> <span class='ocrx_word' id='word_1_211' title='bbox 556 2794 696 2859; x_wconf 87' lang='lat' dir='ltr'><strong>duoimus</strong></span> <span class='ocrx_word' id='word_1_212' title='bbox 716 2786 885 2875; x_wconf 77' lang='grc' dir='ltr'><strong><em>μεοονιήιοο</em></strong></span> <span class='ocrx_word' id='word_1_213' title='bbox 906 2795 937 2854; x_wconf 84' lang='lat' dir='ltr'><strong>et</strong></span> <span class='ocrx_word' id='word_1_214' title='bbox 957 2781 1115 2868; x_wconf 73' lang='grc' dir='ltr'><strong>σεμβίἡιοε</strong></span> <span class='ocrx_word' id='word_1_215' title='bbox 1135 2788 1225 2851; x_wconf 76' lang='lat' dir='ltr'><strong>simi·</strong></span> 
     </span>
     <span class='ocr_line' id='line_1_25' title="bbox 114 2880 1224 2976; baseline -0.007 -19"><span class='ocrx_word' id='word_1_216' title='bbox 114 2890 159 2957; x_wconf 88' lang='lat' dir='ltr'><strong>lia</strong></span> <span class='ocrx_word' id='word_1_217' title='bbox 184 2890 289 2957; x_wconf 76' lang='lat' dir='ltr'><strong>dicere</strong></span> <span class='ocrx_word' id='word_1_218' title='bbox 313 2894 353 2957; x_wconf 91' lang='lat' dir='ltr'><strong>iis</strong></span> <span class='ocrx_word' id='word_1_219' title='bbox 372 2909 453 2976; x_wconf 88' lang='lat' dir='ltr'><strong>qnae</strong></span> <span class='ocrx_word' id='word_1_220' title='bbox 474 2911 494 2958; x_wconf 90' lang='lat' dir='ltr'><strong>a</strong></span> <span class='ocrx_word' id='word_1_221' title='bbox 511 2892 664 2959; x_wconf 87' lang='lat' dir='ltr'><strong>similibus</strong></span> <span class='ocrx_word' id='word_1_222' title='bbox 683 2896 758 2954; x_wconf 89' lang='lat' dir='ltr'><strong>nata</strong></span> <span class='ocrx_word' id='word_1_223' title='bbox 777 2895 851 2954; x_wconf 90' lang='lat' dir='ltr'><strong>sunt</strong></span> <span class='ocrx_word' id='word_1_224' title='bbox 872 2884 1016 2950; x_wconf 79' lang='lat' dir='ltr'><strong>thematis</strong></span> <span class='ocrx_word' id='word_1_225' title='bbox 1040 2880 1224 2967; x_wconf 66' lang='grc' dir='ltr'><strong><em>Πελοπήιοι,</em></strong></span> 
     </span>
     <span class='ocr_line' id='line_1_26' title="bbox 114 2980 1226 3075; baseline -0.006 -20"><span class='ocrx_word' id='word_1_226' title='bbox 114 2985 237 3075; x_wconf 78' lang='grc' dir='ltr'><strong><em>οἰκήιος</em></strong></span> <span class='ocrx_word' id='word_1_227' title='bbox 251 2999 308 3058; x_wconf 93' lang='lat' dir='ltr'><strong>eto.</strong></span> <span class='ocrx_word' id='word_1_228' title='bbox 337 2992 400 3058; x_wconf 91' lang='lat' dir='ltr'><strong>Sed</strong></span> <span class='ocrx_word' id='word_1_229' title='bbox 420 2989 504 3074; x_wconf 86' lang='lat' dir='ltr'><strong>quod</strong></span> <span class='ocrx_word' id='word_1_230' title='bbox 517 2990 601 3055; x_wconf 88' lang='lat' dir='ltr'><strong>addit</strong></span> <span class='ocrx_word' id='word_1_231' title='bbox 611 2983 784 3070; x_wconf 81' lang='grc' dir='ltr'><strong><em>ιιοιμνήιος,</em></strong></span> <span class='ocrx_word' id='word_1_232' title='bbox 806 2986 922 3052; x_wconf 92' lang='lat' dir='ltr'><strong>nullum</strong></span> <span class='ocrx_word' id='word_1_233' title='bbox 936 2980 1151 3048; x_wconf 81' lang='lat' dir='ltr'><strong>adminiculum</strong></span> <span class='ocrx_word' id='word_1_234' title='bbox 1166 2982 1226 3049; x_wconf 85' lang='lat' dir='ltr'><strong>ha-</strong></span> 
     </span>
     <span class='ocr_line' id='line_1_27' title="bbox 115 3080 1226 3173; baseline -0.009 -16"><span class='ocrx_word' id='word_1_235' title='bbox 115 3090 171 3157; x_wconf 85' lang='lat' dir='ltr'><strong>bet</strong></span> <span class='ocrx_word' id='word_1_236' title='bbox 191 3096 316 3171; x_wconf 90' lang='lat' dir='ltr'><strong>praeter</strong></span> <span class='ocrx_word' id='word_1_237' title='bbox 335 3093 513 3173; x_wconf 80' lang='grc' dir='ltr'><strong><em>ιιοιμναῐος,</em></strong></span> <span class='ocrx_word' id='word_1_238' title='bbox 534 3088 646 3171; x_wconf 83' lang='lat' dir='ltr'><strong>qnod</strong></span> <span class='ocrx_word' id='word_1_239' title='bbox 637 3088 740 3152; x_wconf 89' lang='lat' dir='ltr'><strong>ronioe</strong></span> <span class='ocrx_word' id='word_1_240' title='bbox 761 3085 943 3150; x_wconf 91' lang='lat' dir='ltr'><strong>dissolutum</strong></span> <span class='ocrx_word' id='word_1_241' title='bbox 964 3097 1037 3146; x_wconf 90' lang='lat' dir='ltr'><strong>esse</strong></span> <span class='ocrx_word' id='word_1_242' title='bbox 1058 3080 1226 3147; x_wconf 88' lang='lat' dir='ltr'><strong>ostendunt</strong></span> 
     </span>
     <span class='ocr_line' id='line_1_28' title="bbox 116 3168 1227 3270; baseline -0.005 -17"><span class='ocrx_word' id='word_1_243' title='bbox 116 3189 181 3253; x_wconf 90' lang='lat' dir='ltr'><strong>ulia</strong></span> <span class='ocrx_word' id='word_1_244' title='bbox 200 3189 293 3268; x_wconf 88' lang='lat' dir='ltr'><strong>lrujus</strong></span> <span class='ocrx_word' id='word_1_245' title='bbox 313 3188 442 3270; x_wconf 74' lang='lat' dir='ltr'><strong>dialpsis</strong></span> <span class='ocrx_word' id='word_1_246' title='bbox 459 3188 609 3270; x_wconf 81' lang='lat' dir='ltr'><strong>exempla</strong></span> <span class='ocrx_word' id='word_1_247' title='bbox 625 3180 711 3251; x_wconf 80' lang='lat' dir='ltr'><strong>‘Atat</strong></span> <span class='ocrx_word' id='word_1_248' title='bbox 723 3180 813 3259; x_wconf 76' lang='grc' dir='ltr'><strong><em>πόλις</em></strong></span> <span class='ocrx_word' id='word_1_249' title='bbox 825 3173 997 3257; x_wconf 76' lang='grc' dir='ltr'><strong><em>Κιλνιιίος’</em></strong></span> <span class='ocrx_word' id='word_1_250' title='bbox 980 3173 1032 3264; x_wconf 86' lang='grc' dir='ltr'><strong>αφ’</strong></span> <span class='ocrx_word' id='word_1_251' title='bbox 1049 3202 1089 3244; x_wconf 92' lang='lat' dir='ltr'><strong>ov</strong></span> <span class='ocrx_word' id='word_1_252' title='bbox 1077 3168 1227 3265; x_wconf 86' lang='grc' dir='ltr'><strong><em>Ἀλήιον</em></strong></span> 
     </span>
     <span class='ocr_line' id='line_1_29' title="bbox 117 3278 1227 3369; baseline -0.004 -18"><span class='ocrx_word' id='word_1_253' title='bbox 117 3286 227 3351; x_wconf 81' lang='lat' dir='ltr'><strong>eusdtov</strong></span> <span class='ocrx_word' id='word_1_254' title='bbox 247 3287 353 3369; x_wconf 88' lang='lat' dir='ltr'><strong>Steplr.</strong></span> <span class='ocrx_word' id='word_1_255' title='bbox 374 3287 458 3369; x_wconf 85' lang='lat' dir='ltr'><strong>quod</strong></span> <span class='ocrx_word' id='word_1_256' title='bbox 478 3303 574 3367; x_wconf 90' lang='lat' dir='ltr'><strong>saepe</strong></span> <span class='ocrx_word' id='word_1_257' title='bbox 594 3286 730 3351; x_wconf 80' lang='lat' dir='ltr'><strong>Adaeum</strong></span> <span class='ocrx_word' id='word_1_258' title='bbox 758 3292 889 3350; x_wconf 75' lang='lat' dir='ltr'><strong>tueatur</strong></span> <span class='ocrx_word' id='word_1_259' title='bbox 917 3300 947 3347; x_wconf 85' lang='lat' dir='ltr'><strong>v.</strong></span> <span class='ocrx_word' id='word_1_260' title='bbox 974 3278 1166 3345; x_wconf 86' lang='lat' dir='ltr'><strong>Wernsdori.</strong></span> <span class='ocrx_word' id='word_1_261' title='bbox 1186 3280 1227 3348; x_wconf 91' lang='lat' dir='ltr'><strong>ad</strong></span> 
     </span>
     <span class='ocr_line' id='line_1_30' title="bbox 117 3374 1226 3467; baseline -0.01 -19"><span class='ocrx_word' id='word_1_262' title='bbox 117 3388 228 3453; x_wconf 71' lang='lat' dir='ltr'><strong>Arion.</strong></span> <span class='ocrx_word' id='word_1_263' title='bbox 257 3386 325 3451; x_wconf 81' lang='lat' dir='ltr'><strong>Pel.</strong></span> <span class='ocrx_word' id='word_1_264' title='bbox 355 3386 443 3451; x_wconf 77' lang='lat'>1037.</span> <span class='ocrx_word' id='word_1_265' title='bbox 471 3382 638 3467; x_wconf 75' lang='grc' dir='ltr'><strong><em>δραχμήιος</em></strong></span> <span class='ocrx_word' id='word_1_266' title='bbox 664 3402 715 3466; x_wconf 80' lang='lat' dir='ltr'><strong>up.</strong></span> <span class='ocrx_word' id='word_1_267' title='bbox 741 3380 927 3448; x_wconf 77' lang='lat' dir='ltr'><strong>Nleattdrum</strong></span> <span class='ocrx_word' id='word_1_268' title='bbox 959 3392 1017 3457; x_wconf 84' lang='lat' dir='ltr'><strong>pro</strong></span> <span class='ocrx_word' id='word_1_269' title='bbox 1049 3374 1226 3458; x_wconf 59' lang='grc' dir='ltr'><strong><em>δρομαῖος,</em></strong></span> 
     </span>
     <span class='ocr_line' id='line_1_31' title="bbox 119 3472 1228 3567; baseline -0.006 -19"><span class='ocrx_word' id='word_1_270' title='bbox 119 3480 254 3567; x_wconf 62' lang='lat' dir='ltr'><strong>poppone</strong></span> <span class='ocrx_word' id='word_1_271' title='bbox 274 3486 306 3550; x_wconf 91' lang='lat' dir='ltr'><strong>in</strong></span> <span class='ocrx_word' id='word_1_272' title='bbox 327 3501 471 3551; x_wconf 89' lang='lat' dir='ltr'><strong>sermone</strong></span> <span class='ocrx_word' id='word_1_273' title='bbox 492 3486 596 3549; x_wconf 91' lang='lat' dir='ltr'><strong>ionioo</strong></span> <span class='ocrx_word' id='word_1_274' title='bbox 611 3483 736 3547; x_wconf 87' lang='lat' dir='ltr'><strong>Lnoian</strong></span> <span class='ocrx_word' id='word_1_275' title='bbox 757 3479 940 3546; x_wconf 70' lang='lat' dir='ltr'><strong>trutinet.</strong></span> <span class='ocrx_word' id='word_1_276' title='bbox 962 3480 992 3551; x_wconf 74' lang='grc' dir='ltr'><strong>ς.</strong></span> <span class='ocrx_word' id='word_1_277' title='bbox 1015 3472 1045 3539; x_wconf 86' lang='grc'><strong>6.</strong></span> <span class='ocrx_word' id='word_1_278' title='bbox 1065 3473 1228 3541; x_wconf 82' lang='lat' dir='ltr'><strong>Zancleius</strong></span> 
     </span>
     <span class='ocr_line' id='line_1_32' title="bbox 121 3573 1229 3667; baseline -0.009 -18"><span class='ocrx_word' id='word_1_279' title='bbox 121 3582 385 3667; x_wconf 73' lang='lat' dir='ltr'><strong>quadrisyllabum</strong></span> <span class='ocrx_word' id='word_1_280' title='bbox 405 3582 492 3650; x_wconf 82' lang='lat' dir='ltr'><strong>Ouid.</strong></span> <span class='ocrx_word' id='word_1_281' title='bbox 513 3584 585 3647; x_wconf 88' lang='lat' dir='ltr'><strong>liet.</strong></span> <span class='ocrx_word' id='word_1_282' title='bbox 599 3581 675 3647; x_wconf 79' lang='lat' dir='ltr'><strong>xlv,</strong></span> <span class='ocrx_word' id='word_1_283' title='bbox 693 3581 784 3647; x_wconf 68' lang='lat' dir='ltr'><strong>lli-⁵</strong></span> <span class='ocrx_word' id='word_1_284' title='bbox 803 3575 981 3657; x_wconf 85' lang='lat' dir='ltr'><strong>Lapitheius</strong></span> <span class='ocrx_word' id='word_1_285' title='bbox 996 3573 1135 3653; x_wconf 86' lang='lat' dir='ltr'><strong>ejusdem</strong></span> <span class='ocrx_word' id='word_1_286' title='bbox 1148 3590 1229 3655; x_wconf 88' lang='lat' dir='ltr'><strong>poe-</strong></span> 
     </span>
    </p>
   </div>
   <div class='ocr_carea' id='block_1_2' title="bbox 446 3850 1230 3929">
    <p class='ocr_par' dir='ltr' id='par_1_2' title="bbox 446 3850 1230 3929">
     <span class='ocr_line' id='line_1_33' title="bbox 446 3850 1230 3929; baseline -0.014 -13.126"><span class='ocrx_word' id='word_1_287' title='bbox 446 3857 622 3915; x_wconf 60' lang='lat' dir='ltr'><strong>condimen</strong></span> <span class='ocrx_word' id='word_1_288' title='bbox 606 3878 651 3921; x_wconf 82' lang='grc' dir='ltr'><strong>ο,ι</strong></span> <span class='ocrx_word' id='word_1_289' title='bbox 669 3856 740 3929; x_wconf 85' lang='lat' dir='ltr'><strong>quod</strong></span> <span class='ocrx_word' id='word_1_290' title='bbox 757 3857 791 3914; x_wconf 87' lang='lat' dir='ltr'><strong>ad</strong></span> <span class='ocrx_word' id='word_1_291' title='bbox 808 3856 938 3912; x_wconf 78' lang='lat' dir='ltr'><strong>diversam</strong></span> <span class='ocrx_word' id='word_1_292' title='bbox 955 3854 1059 3922; x_wconf 78' lang='lat' dir='ltr'><strong>spectat</strong></span> <span class='ocrx_word' id='word_1_293' title='bbox 1077 3850 1230 3920; x_wconf 79' lang='lat' dir='ltr'><strong>scripturam</strong></span> 
     </span>
    </p>
   </div>
   <div class='ocr_carea' id='block_1_3' title="bbox 125 3967 1233 4255">
    <p class='ocr_par' dir='ltr' id='par_1_3' title="bbox 140 3967 1233 4255">
     <span class='ocr_line' id='line_1_34' title="bbox 140 3967 1232 4099; baseline -0.018 -11"><span class='ocrx_word' id='word_1_294' title='bbox 140 3967 155 4000; x_wconf 56' lang='grc' dir='ltr'><strong><em>ο</em></strong></span> <span class='ocrx_word' id='word_1_295' title='bbox 192 4031 239 4099; x_wconf 84' lang='grc'><strong>65)</strong></span> <span class='ocrx_word' id='word_1_296' title='bbox 256 4032 381 4085; x_wconf 80' lang='lat' dir='ltr'><strong>Pruseran</strong></span> <span class='ocrx_word' id='word_1_297' title='bbox 403 4030 437 4083; x_wconf 94' lang='lat' dir='ltr'><strong>ll.</strong></span> <span class='ocrx_word' id='word_1_298' title='bbox 453 4030 497 4084; x_wconf 71' lang='lat'><strong>8³.</strong></span> <span class='ocrx_word' id='word_1_299' title='bbox 516 4027 636 4095; x_wconf 57' lang='grc' dir='ltr'><strong>(ἄλλο)</strong></span> <span class='ocrx_word' id='word_1_300' title='bbox 620 4010 792 4091; x_wconf 75' lang='lat' dir='ltr'><strong>uadiptttoe</strong></span> <span class='ocrx_word' id='word_1_301' title='bbox 759 4038 851 4091; x_wconf 73' lang='lat' dir='ltr'><strong>espen</strong></span> <span class='ocrx_word' id='word_1_302' title='bbox 873 4019 965 4072; x_wconf 77' lang='lat' dir='ltr'><strong>indeed</strong></span> <span class='ocrx_word' id='word_1_303' title='bbox 988 4016 1232 4085; x_wconf 73' lang='grc' dir='ltr'><strong><em>φιοοοήιιιίιιίιιίο</em></strong></span> 
     </span>
     <span class='ocr_line' id='line_1_35' title="bbox 125 4100 1233 4181; baseline -0.013 -13.421"><span class='ocrx_word' id='word_1_304' title='bbox 125 4116 278 4169; x_wconf 73' lang='lat' dir='ltr'><strong>luetone</strong></span> <span class='ocrx_word' id='word_1_305' title='bbox 211 4130 303 4181; x_wconf 69' lang='lat' dir='ltr'><strong>eope</strong></span> <span class='ocrx_word' id='word_1_306' title='bbox 278 4114 447 4180; x_wconf 73' lang='lat' dir='ltr'><strong>nroped</strong></span> <span class='ocrx_word' id='word_1_307' title='bbox 408 4116 430 4165; x_wconf 79' lang='lat' dir='ltr'><strong><em>G</em></strong></span> <span class='ocrx_word' id='word_1_308' title='bbox 433 4107 704 4165; x_wconf 66' lang='lat' dir='ltr'><strong>eumdumius·</strong></span> <span class='ocrx_word' id='word_1_309' title='bbox 721 4100 1149 4169; x_wconf 60' lang='lat' dir='ltr'><strong>derimmwssrnmtlplaeae,</strong></span> <span class='ocrx_word' id='word_1_310' title='bbox 1168 4101 1233 4153; x_wconf 73' lang='lat' dir='ltr'><strong>lito·</strong></span> 
     </span>
     <span class='ocr_line' id='line_1_36' title="bbox 126 4182 1232 4255; baseline -0.011 -3.624"><span class='ocrx_word' id='word_1_311' title='bbox 126 4196 282 4252; x_wconf 76' lang='grc' dir='ltr'><strong><em>ιοιιολι</em></strong></span> <span class='ocrx_word' id='word_1_312' title='bbox 304 4196 400 4251; x_wconf 81' lang='lat' dir='ltr'><strong>dieitur</strong></span> <span class='ocrx_word' id='word_1_313' title='bbox 425 4194 559 4255; x_wconf 69' lang='lat' dir='ltr'><strong>llemeua</strong></span> <span class='ocrx_word' id='word_1_314' title='bbox 580 4197 609 4253; x_wconf 83' lang='lat' dir='ltr'><strong>et</strong></span> <span class='ocrx_word' id='word_1_315' title='bbox 633 4204 694 4249; x_wconf 87' lang='lat' dir='ltr'><strong>eun</strong></span> <span class='ocrx_word' id='word_1_316' title='bbox 720 4188 836 4248; x_wconf 81' lang='lat' dir='ltr'><strong>daereei</strong></span> <span class='ocrx_word' id='word_1_317' title='bbox 852 4186 1015 4255; x_wconf 79' lang='lat' dir='ltr'><strong>llemteine,</strong></span> <span class='ocrx_word' id='word_1_318' title='bbox 1031 4182 1120 4253; x_wconf 83' lang='lat' dir='ltr'><strong>dispar</strong></span> <span class='ocrx_word' id='word_1_319' title='bbox 1134 4196 1232 4251; x_wconf 71' lang='lat' dir='ltr'><strong>praeeo</strong></span> 
     </span>
    </p>
   </div>
   <div class='ocr_carea' id='block_1_4' title="bbox 0 0 1349 4756">
    <p class='ocr_par' dir='ltr' id='par_1_4' title="bbox 0 0 1349 4756">
     <span class='ocr_line' id='line_1_37' title="bbox 0 0 1349 4756; baseline 0 0"><span class='ocrx_word' id='word_1_320' title='bbox 0 0 1349 4756; x_wconf 95' lang='lat' dir='ltr'><strong> </strong></span> 
     </span>
    </p>
   </div>
  </div>
 </body>
</html>
