2648 4756
183 338 257 407 80¹}
533 331 856 401 lttssunrnlto
886 332 964 401 Vlll.

184 501 339 567 Κέλαιθοι
359 492 453 575 ἔθνος
477 491 696 578 &epotando
717 496 821 580 Steph.
845 500 1013 578 Περαιθεῖς
1038 489 1100 561 ἀπὸ
1129 495 1295 575 Περαίθου

182 600 276 666 Paus.
307 595 382 660 titt.
412 593 451 676 3,
480 594 511 660 d.
541 601 573 658 ot
600 596 753 661 femininis
788 597 907 661 urbium
938 595 1100 659 vocabulis
1132 592 1293 675 Κύναιθα,

182 696 348 780 Koarenda,
369 689 535 774 Σύμαιθα,
557 710 636 773 quoe
659 693 739 774 apud
762 695 945 759 Strabonem
965 700 997 756 et
1012 694 1204 775 Stephanum
1219 713 1292 776 pro-

182 804 380 881 paroxytona
401 799 483 874 sunt,
504 800 702 872 paronvtona
723 809 798 855 vero
821 794 998 859 feminarum
1020 793 1193 872 Κομαιθα,
1224 797 1290 858 llo·

182 896 291 977 ναιθα,
322 894 465 974 Σιμαιθα
485 891 644 969 aristoph.
666 892 828 955 liodoaldo
856 909 950 972 capra
971 891 1102 956 Theocr.
1126 892 1206 972 (non
1226 910 1290 957 mu-

181 994 240 1058 lier
261 1001 294 1058 ut
315 995 347 1056 in
369 991 436 1071 Tlu.)
458 1003 617 1068 paragoge
639 989 774 1053 tortasse
796 1006 815 1053 a
837 991 963 1066 Κιοοος,
987 992 1089 1069 Σῖμος
1116 996 1152 1052 ut
1174 992 1288 1073 Σιμιχρ.

183 1091 351 1171 Onvtonon
378 1094 480 1152 autem
506 1085 621 1151 nullum
657 1087 718 1151 nisi
746 1088 819 1151 vitio
855 1089 1028 1168 scripturae
1064 1093 1098 1152 ut
1128 1086 1289 1168 Δαμαιθὸς

183 1189 244 1255 Car
268 1186 374 1268 Stepln
397 1204 423 1250 s.
445 1179 558 1265 Σύρια
580 1185 701 1263 (omiss.
723 1185 754 1247 in
777 1185 845 1265 Th.)
873 1186 1101 1266 Appellativnm
1126 1203 1216 1249 unum
1243 1198 1288 1251 est

181 1283 321 1370 ἤμαιθον
357 1285 469 1348 nummi
500 1298 613 1348 nomen
644 1281 869 1363 inexplicabile.
922 1283 1043 1348 Tertiae
1073 1282 1288 1349 declinationis

182 1391 256 1451 sunt
276 1384 444 1448 Κιναιθων
465 1383 532 1446 sive
554 1374 731 1443 Κοναιθώο
751 1399 778 1445 v.
809 1380 922 1447 Siebel.
949 1381 988 1445 ad
1016 1382 1108 1446 Pausa
1129 1381 1165 1449 ll
1195 1382 1243 1463 18,
1261 1383 1287 1447 5.

181 1492 214 1549 at
233 1483 392 1547 mulierum
414 1481 539 1544 nomina
567 1477 724 1559 Σαβαθις
753 1478 845 1544 Anti.
876 1480 923 1544 vt.
955 1480 1025 1545 354.
1059 1476 1206 1561 Ταιαιθώ
1234 1480 1287 1545 tlt

181 1583 275 1649 463.2
296 1580 511 1663 Diphtlucngus
533 1563 576 1640 αἰι
594 1592 656 1639 non
679 1593 714 1640 so
736 1577 820 1639 sistit
841 1578 942 1643 nobis.

265 1704 295 1769 §-
317 1696 346 1757 2.
391 1693 465 1755 Cum
480 1685 644 1769 οπύραθος
656 1690 766 1754 Pollux
781 1691 814 1755 V.
828 1690 876 1755 et.
890 1693 1011 1755 confort
1024 1687 1185 1769 οπθπθος,
1208 1691 1287 1773 quod

179 1794 274 1858 attice
302 1790 412 1853 dicitur
439 1783 569 1862 πέλεθος
597 1796 631 1850 ut
656 1783 802 1867 πύραθας
827 1796 859 1852 οι
886 1791 1090 1871 compositum
1111 1784 1287 1866 dcnllsdoc

179 1892 247 1956 ruit
269 1889 360 1952 etiam
381 1889 479 1950 lorma
491 1887 624 1968 brevior,
645 1904 736 1966 quam
748 1887 921 1965 Hesychius
936 1904 955 1950 a
970 1888 1108 1951 tenebris
1122 1889 1287 1953 oblivionis

177 1987 355 2069 vindicavit,
379 1988 492 2049 Πολλία
512 1980 666 2061 σπέιεθοι,
689 1985 824 2047 tortasse
846 2001 865 2047 a
887 1984 1084 2049 similitudine
1106 1988 1208 2068 pilae;
1237 1996 1287 2051 ot·

179 2103 239 2168 que
267 2084 347 2149 haud
376 2086 444 2148 scio
467 2100 506 2146 an
528 2083 669 2163 aegilops
691 2084 758 2145 sive
780 2099 877 2145 avena
901 2085 984 2147 latua
1004 2079 1186 2159 οιπόοπειας
1206 2085 1286 2148 dicta

178 2186 221 2251 ait
243 2192 386 2263 tanquam
407 2184 512 2245 vitium
534 2181 641 2246 hordei
669 2181 809 2243 triticive.
859 2177 1041 2262 Βερέσχεθοι
1061 2199 1121 2246 nec
1143 2183 1226 2247 uude
1246 2184 1286 2247 sit

179 2290 320 2348 tenemus
350 2297 409 2344 neo
440 2279 513 2362 quid
546 2281 714 2361 significem
749 2278 820 2373 sod
832 2272 964 2359 μέγεθος
991 2297 1172 2361 paragogen
1198 2284 1286 2363 signa

178 2381 263 2445 clarc
284 2396 360 2459 prae
381 2395 418 2442 se
443 2379 510 2442 lert.
542 2377 768 2461 diphthongon
783 2376 1013 2441 connsuetudo
1026 2395 1142 2458 macca
1157 2383 1284 2462 respuit,

179 2480 235 2545 scd
262 2464 299 2542 o'u
317 2480 474 2541 concessit
497 2478 594 2541 tribus
615 2470 775 2552 κέλευθος,
798 2468 953 2555 ἄρκευθος
973 2482 1004 2539 ct
1024 2479 1125 2541 neutri
1147 2477 1283 2560 ἔρευθος,

179 2593 308 2658 quorum
336 2576 464 2654 primum
486 2575 602 2654 antiqui
624 2575 724 2637 nostri
747 2591 765 2636 a
785 2569 880 2635 uene
903 2574 1050 2637 dationum
1072 2584 1201 2661 putant,
1230 2597 1282 2643 so-

178 2671 309 2738 cundnm
335 2689 534 2734 averruncum
561 2673 802 2752 interpretantur
829 2672 866 2733 ab
895 2664 1000 2752 ἀρκεῖν
1021 2674 1159 2755 scilicet3
1192 2679 1280 2741 tertio

179 2771 386 2852 diphthongus
416 2772 557 2851 stirpitus
583 2772 677 2834 insita
707 2776 764 2833 cst.
812 2770 871 2832 tua
900 2773 1094 2850 propriorum
1123 2778 1280 2856 regionem

177 2886 242 2935 non
263 2868 399 2932 excedit:
423 2865 575 2950 Κάνηθος
596 2875 683 2949 ροιοι
705 2867 824 2947 Canthi,
846 2865 1030 2950 Σιοάρηθος
1051 2871 1280 2938 Taulantiorum

165 2970 270 3046 urbs,
293 2967 475 3047 insulaeque
499 2961 687 3046 Πεπάρηθος
715 2971 745 3027 et
768 2961 951 3047 Κιιύνρθος
977 2968 1115 3047 ejusdcm
1146 2973 1280 3036 tortasse

178 3067 286 3143 stirpis
308 3071 340 3124 ut
355 3066 463 3135 Κῦνος
484 3065 568 3145 urbs,
592 3063 733 3126 Κικιπινα
755 3070 785 3126 ot
806 3065 969 3137 Κικυννεῑς
991 3067 1113 3147 demus;
1138 3070 1280 3135 feminina

176 3161 333 3242 positione
353 3160 487 3224 Carctlra
507 3161 607 3222 insuia
633 3161 708 3224 Plin.
730 3161 764 3222 V.
787 3160 836 3225 35.
859 3169 889 3224 et
905 3155 1059 3243 Ὑρνηθώ.
1103 3167 1281 3248 Appellati-

176 3275 246 3321 vum
269 3273 359 3320 unum
379 3258 504 3337 ignotae
527 3259 654 3337 originis
675 3253 805 3339 ἅνηθαο.
838 3261 913 3322 Νοια
934 3259 1053 3341 βοηθός
1074 3270 1279 3347 compositum

178 3374 251 3422 csse
273 3355 415 3419 creditur.
443 3389 484 3401 -
516 3350 563 3419 Τὰ
589 3349 641 3417 διὰ
663 3358 721 3419 τοῦ
742 3343 820 3431 til-o}
833 3353 915 3420 ἁπλᾶ
942 3355 993 3422 διὰ
1016 3361 1073 3423 τοῦ
1094 3370 1109 3422 ι’
1131 3361 1279 3446 γράφεται

175 3451 318 3532 λέαιθος,
339 3452 471 3531 linones,
493 3451 612 3535 ἔριθος,
633 3449 819 3532 θωνὲιαθος,
845 3454 1031 3538 Πεπάριθος,
1043 3454 1186 3539 lepreon,
1212 3460 1278 3525 Κά-

175 3558 281 3636 νιθος,
310 3551 446 3634 Ziporea
472 3550 572 3633 ὄνομα
598 3554 757 3632 ποταμοῦ,
787 3549 946 3634 ὀιόκιθος,
975 3553 1119 3629 Λάπιθος
1143 3561 1276 3642 Tltcogn.

176 3653 225 3719 58.
253 3669 310 3715 noc
332 3653 431 3713 minus
453 3652 595 3714 vitiorum
618 3651 739 3714 obsidet
760 3654 939 3718 Arcadium:
970 3651 1008 3717 τὰ
1028 3655 1071 3728 εις
1087 3643 1153 3731 ’θος
1179 3681 1277 3739 παρα.

174 3747 329 3833 ιἰργόμειά
348 3751 392 3836 τῷ
412 3758 427 3813 ῖ
448 3745 469 3831 ἢ
490 3752 511 3812 ῦ
531 3745 585 3812 καὶ
606 3744 699 3829 φύσει
717 3752 821 3836 μακρᾷ
836 3749 1110 3835 προπαροξύνεται,
1133 3753 1274 3839 maceca,

174 3846 316 3926 linceos,
339 3845 452 3929 ἔριθος,
472 3842 626 3927 μύκυθος,
649 3843 770 3923 ἅκυθος
787 3843 806 3930 ἡ
822 3847 864 3932 μὴ
886 3852 1040 3915 τίκτουσα.
1085 3854 1176 3929 Quod
1198 3856 1275 3937 apud

241 4067 270 4133 2)
288 4065 387 4116 Λάκων
404 4064 418 4118 ὅ
435 4065 602 4123 Κιιλαίθιδος
619 4067 729 4123 Theocr.
748 4068 777 4131 V,
797 4069 836 4124 15.
855 4069 1025 4139 scholiastes,
1043 4077 1087 4140 tpttl
1105 4072 1168 4127 dedo
1185 4076 1198 4140 ἢ
1215 4075 1273 4127 δοῦ·

172 4150 222 4201 ιον
238 4150 428 4214 interpretatur,
447 4150 495 4202 viri
511 4163 605 4205 noman
622 4156 729 4218 putasse
748 4151 857 4219 videtur,
875 4154 1023 4222 codemque
1042 4155 1090 4212 tort
1108 4164 1243 4212 accontus.
