2648 4756
166 325 240 393 368
517 318 843 385 DlSSERTATIO
871 318 935 385 vlt.

172 493 268 555 lertnr
288 490 436 565 onytono.
484 484 568 549 idem
595 502 671 549 uero
693 484 777 567 quod
797 485 835 550 de
857 500 1000 549 consona
1020 478 1162 563 simplici,
1187 480 1276 545 ralet

170 590 262 653 etiam
284 585 322 650 de
345 583 458 665 duplici
480 590 513 646 ut
538 579 709 661 (idemne,
740 600 842 663 aquo
864 584 989 647 aberrat
1011 574 1152 655 Διψοκός
1171 580 1276 659 Apoll.

170 686 205 749 ll.
227 682 299 747 653.
323 688 354 745 et
382 680 465 762 quod
486 681 570 747 addit
590 678 612 765 ἢ
632 677 798 763 σύμφωνα,
820 680 850 745 id
863 681 900 745 dc
923 681 1075 744 consonis
1096 680 1128 741 in
1148 678 1275 757 epilepsi

171 782 284 862 positis
307 779 518 859 accipiendum
540 798 613 843 esse
628 780 764 844 ostendit
778 780 951 858 subjeetum
965 778 1094 857 regulae
1110 776 1278 857 exemplum

173 875 348 959 Λάβδακος.
376 878 421 940 lle
442 877 572 941 diastusi
596 886 676 941 tacet
699 877 755 942 sod
776 878 874 941 ricem
897 877 999 957 explet
1022 874 1128 939 Sclol.
1151 874 1184 937 ll.
1203 874 1275 937 Xlll.

172 978 242 1042 750.
268 971 307 1039 τὰ
327 976 370 1049 εἷς
390 962 467 1049 Uos
486 972 673 1057 cpiodliodot
692 970 751 1057 τὴν
778 970 905 1056 πρώτην
926 969 1082 1055 συλλαβὴ-ν
1103 971 1147 1045 εἰς
1168 964 1277 1053 ἀμετά-

172 1078 269 1159 βολον
287 1072 446 1157 λήγουσαν
466 1071 575 1155 ἔχοντα
594 1068 876 1154 προπαροξύνεται,
896 1068 1079 1153 Λάμψακος,
1096 1065 1277 1145 ‘Fundanos'

174 1172 276 1249 οὕτως
296 1165 357 1237 οὖν
368 1169 529 1253 “leronem
551 1172 635 1252 qood
651 1179 701 1236 ost
719 1173 824 1235 herois
836 1188 948 1234 nomen
963 1170 1107 1249 Apollod.
1125 1170 1173 1233 lll.
1190 1169 1237 1251 12,
1248 1170 1276 1231 5.

174 1281 206 1338 et
226 1274 313 1337 urbis
334 1272 475 1334 Creticae
496 1270 601 1350 Steplt.
623 1268 678 1332 sed
700 1270 760 1332 lnoe
780 1267 851 1332 loeo
870 1276 1039 1348 oxp'tonon
1062 1267 1230 1349 eademque
1249 1268 1279 1329 in

174 1372 253 1455 aliis¹
266 1372 402 1434 cernitur
422 1369 640 1431 inconstantia.
670 1367 815 1445 Regulam
839 1375 1009 1448 sequuntur
1021 1362 1202 1449 ’Ἀμβρακος
1221 1381 1280 1428 no-

175 1486 246 1535 men
274 1468 395 1531 castelli
423 1465 530 1545 l‘olpb.
551 1466 599 1529 lv,
621 1464 670 1529 63.
708 1461 877 1544 Πύρῤακος
905 1460 988 1547 ἥρως
1015 1466 1087 1529 llos.
1117 1459 1280 1537 Σάνδακος

176 1566 321 1648 Apollod.
351 1566 399 1630 lll.
423 1564 471 1644 14,
492 1562 521 1625 3.
559 1559 747 1643 Σπάρτακος
773 1564 843 1627 Allo.
865 1564 913 1626 l’l.
936 1563 1004 1626 272.
1026 1563 1057 1627 F.
1086 1571 1118 1627 et
1146 1565 1279 1645 saepius,

178 1666 234 1731 sed
261 1665 339 1728 idem
369 1668 477 1725 contra
499 1662 634 1739 regulam
656 1663 775 1723 acuitur
796 1661 883 1724 Diod.
907 1662 982 1724 xvi.
1003 1661 1052 1725 31.
1081 1668 1116 1723 ut
1135 1653 1281 1732 Ἀννακός

177 1762 285 1841 (lllrcd.
302 1754 445 1838 Ἄκακός)
474 1759 581 1838 Stcplo.
604 1777 629 1823 s.
648 1753 780 1822 Ἰκόνιον
800 1761 852 1841 qui
874 1776 892 1821 a
915 1758 1010 1823 Suida
1032 1754 1203 1832 Νάινακος
1224 1776 1280 1821 ro-

177 1866 265 1923 eatur
285 1876 313 1921 u.
337 1855 558 1921 sctrneidentn.
581 1857 618 1920 ad
641 1857 757 1922 Zenob.
780 1859 816 1921 ll.
841 1858 911 1922 10.²
931 1858 1119 1937 gentilicium
1143 1850 1283 1937 Ἀοτακοὲ

176 1957 284 2037 Steplr.
305 1958 466 2035 ipsumque
482 1948 652 2029 Ῥονδακός
672 1971 734 2019 νον
757 1958 864 2036 paucis
889 1956 967 2019 locis
989 1974 1016 2018 r.
1038 1955 1224 2018 Baclrmaun.
1246 1953 1282 2017 od

176 2054 249 2133 Luc.
273 2054 360 2117 1365.
382 2060 413 2115 et
435 2052 584 2133 proluatur
606 2055 683 2117 adeo
707 2071 725 2117 a
747 2055 849 2118 Schol.
872 2054 972 2134 Apoll.
988 2054 1010 2118 l.
1026 2052 1115 2117 1165.
1147 2053 1204 2116 llla
1226 2070 1282 2116 au-

177 2160 240 2217 tom
261 2150 298 2215 dc
325 2152 503 2215 immutabili
525 2154 704 2231 praeceptio
725 2153 875 2231 significat
899 2153 1122 2216 Grammaticos
1144 2151 1182 2215 de
1204 2167 1281 2215 eon-

179 2252 274 2315 trario
297 2266 419 2330 puroque
440 2264 553 2328 genere
575 2249 782 2331 admonuisse,
803 2251 864 2313 lroc
886 2256 945 2329 est,
967 2249 993 2311 si
1012 2249 1149 2313 secundo
1163 2249 1282 2329 syllaba

179 2365 362 2413 aeonsona
382 2356 465 2410 muta
488 2347 605 2410 orditur
626 2365 705 2429 quac
731 2346 943 2411 antecedentis
965 2353 1101 2411 extrema
1130 2357 1196 2427 est,
1225 2365 1282 2427 po·

180 2454 324 2511 stremum
347 2448 415 2507 aeui
426 2448 572 2524 jussisse.
605 2445 638 2508 ld
652 2447 731 2508 eninr
747 2446 850 2527 poscit
865 2460 976 2506 nornen
992 2446 1187 2508 notissimum
1206 2446 1282 2507 Πιτ-

179 2541 280 2617 τακός,
304 2548 392 2621 eujus
414 2545 528 2604 mentio
552 2544 590 2605 ab
612 2545 672 2607 illis
694 2545 894 2625 praetermitti
916 2560 977 2605 non
1000 2545 1109 2622 potnit,
1132 2552 1161 2605 et
1183 2545 1281 2605 orions

180 2649 285 2703 notum
306 2633 453 2713 Ἰαπακός
479 2640 569 2704 ΑοιΙι.
599 2642 658 2705 l'll.
685 2642 754 2706 251.
784 2659 802 2705 a
830 2642 940 2722 quibus
968 2640 1098 2704 desciuit
1128 2636 1282 2713 Brittanos

180 2738 287 2817 Polyb.
309 2738 343 2800 ll.
364 2737 412 2801 tlt.
455 2738 543 2800 Ntltlc
565 2739 724 2802 redeamus
747 2739 785 2802 ad
806 2739 986 2816 Arcadium,
1015 2740 1065 2818 qui
1095 2755 1133 2801 en
1155 2740 1280 2802 numero

181 2836 402 2916 berytonorum
424 2838 482 2898 triu
505 2839 657 2920 excerpit,
676 2831 804 2911 Ἀοακός
824 2835 877 2900 καὶ
891 2831 1017 2908 Ἀλακός
1031 2833 1084 2897 καὶ
1098 2832 1281 2913 limitando,

182 2953 310 3017 quorum
332 2936 460 3015 primum
481 2934 684 3015 Goettliugins
706 2953 735 3015 p.
757 2935 825 2999 221.
847 2937 877 2996 in
896 2928 1041 3009 Ἄκακός,
1064 2935 1233 2999 secundum
1255 2938 1283 2998 iu

185 3029 332 3104 Φυλακός
353 3041 463 3113 mutat,
491 3035 582 3096 tertio
611 3033 784 3097 dubitanter
812 3034 940 3111 apponit
968 3032 1093 3102 latinum
1126 3033 1282 3112 Colpacus

183 3129 290 3190 ncseio
319 3129 398 3190 unde
427 3137 566 3193 sumtum.
615 3131 712 3206 Quum
741 3149 814 3194 uero
841 3126 974 3203 ’Ἀνακος
1006 3138 1282 3210 proparonptonon

183 3226 224 3289 sit
244 3224 335 3288 Arrtlr.
362 3226 441 3303 nlpp.
464 3242 491 3289 n.
507 3225 573 3290 116.
596 3245 657 3308 quo
682 3236 812 3290 accentu
834 3229 1028 3307 distinguitur
1042 3229 1081 3290 ab
1096 3229 1281 3308 appellativo

184 3315 315 3401 decede,
349 3324 492 3403 praefero
518 3318 664 3397 Ἀστακός
689 3325 803 3388 'Aeseln
833 3327 917 3405 Sept.
940 3326 1010 3389 163.
1041 3328 1107 3389 sire
1134 3320 1282 3401 Ὀοκακός

183 3421 295 3486 llerod.
314 3422 348 3484 tt.
370 3423 419 3495 67.
440 3422 496 3484 riri
518 3440 628 3486 nornen
650 3422 790 3503 idemque
809 3426 893 3487 rurltis
916 3425 954 3487 cit
970 3441 1008 3487 eo
1026 3424 1180 3506 conditae,
1202 3426 1281 3506 quod

183 3522 229 3585 sio
251 3521 398 3600 scriptum
420 3528 467 3583 est
488 3522 519 3581 in
541 3522 681 3583 omnibus
699 3522 785 3585 libris
800 3523 900 3586 Strab.
915 3522 949 3585 X.
965 3521 1034 3585 459.
1058 3523 1151 3585 Tlruc.
1168 3525 1280 3589 11162.

183 3618 239 3682 sed
256 3620 322 3700 pari
345 3635 501 3680 consensu
521 3628 797 3699 proparonptonon
812 3621 846 3684 ll.
860 3621 910 3684 30.
927 3629 957 3683 et
970 3621 1018 3683 32.
1038 3628 1170 3701 utroque
1191 3624 1280 3685 modo

182 3720 213 3780 in
235 3716 322 3781 codd.
344 3716 434 3778 Paus.
457 3717 490 3779 V.
515 3715 561 3797 12,
583 3718 612 3781 5.
647 3721 694 3781 Ae
715 3714 860 3793 Φύλακος
872 3735 994 3799 quoque
1008 3726 1154 3798 gravatur
1169 3739 1281 3785 seeun-

183 3815 252 3879 dum
265 3815 430 3879 llerotliani
448 3814 609 3896 placitum;
636 3832 730 3896 quare
752 3835 809 3900 pro
827 3812 954 3891 Ἀλακός
974 3818 1022 3881 vel
1041 3812 1191 3893 Ἀννακός
1210 3818 1280 3882 illud

247 4048 277 4111 2)
295 4048 368 4104 Idem
385 4056 426 4105 esi
440 4048 582 4107 Ἀνιακκάς
600 4050 672 4118 ᾠδῆς
688 4053 777 4120 ὄνομα
797 4050 857 4119 (ὥς)
876 4050 889 4105 ὁ
907 4054 1068 4123 Περιμανώς
1084 4055 1131 4107 καὶ
1151 4058 1281 4125 Μανέρως

180 4128 244 4183 Sttid
262 4144 287 4183 v.
304 4130 418 4188 lleinelt.
437 4132 493 4186 vot.
512 4133 558 4187 111.
578 4135 635 4191 509.
