2648 4756
157 342 229 411 286
496 333 824 401 otssuararto
854 332 931 401 vm.

162 502 290 593 φοιτής,
319 503 368 567 vet
391 501 451 565 tate
473 500 555 582 quid.
584 536 627 547 -
653 502 870 582 Diphthengus
889 486 933 562 οὗ
952 497 1080 578 propria
1100 501 1151 559 cst
1168 496 1269 559 nemi-

164 624 235 673 num
249 602 481 686 parcgriuorum
494 607 529 663 ut
545 601 724 679 Καρνοότοι
745 600 846 663 Strab.
867 598 916 661 tv.
941 595 1053 660 toto
1090 590 1271 676 Πουζοότρς

164 707 273 784 Magus
303 701 414 779 Geurg.
446 700 539 778 Syuc.
561 699 673 763 chron.
695 716 723 778 p.
750 696 820 760 209.
848 696 883 759 Β.
914 690 1099 775 Κόμβουτις
1120 692 1181 757 dux
1203 692 1271 757 Gat-

165 805 264 866 lorum
292 800 383 863 raus.
405 796 441 861 X.
464 797 514 879 22,
535 796 564 861 2.
595 791 795 876 Κρόμβουτος
821 790 909 866 πόλις
929 791 1095 873 Αἰγύπτου
1118 786 1272 871 -Ἡρω-

164 894 272 973 όιανὸς
293 894 346 961 διὰ
366 899 424 960 τοῦ
445 903 465 959 ὁ
485 888 766 974 προπαροξυτόνως
785 886 827 965 ὡς
839 888 962 972 Ἀβοτις
979 891 1091 971 Steph.
1125 889 1215 966 Quod
1229 907 1272 971 ap.

167 998 353 1077 Hesychium
387 1000 460 1073 post
489 988 618 1074 Κορμός
653 991 764 1071 legitur
792 984 976 1071 Κορκοότης
1002 989 1130 1053 αἰδοῖον
1159 982 1275 1069 όιόρός,

167 1113 235 1158 eum
255 1088 365 1173 κέρκος
386 1098 550 1171 cognatum
571 1090 691 1153 uidetur
711 1088 881 1169 codemque
894 1089 1026 1150 forsitan
1039 1089 1198 1173 pertineat
1212 1086 1277 1151 ruti·

167 1195 217 1275 pis
236 1207 350 1256 nomeu
369 1193 513 1267 κοροῐτις.
556 1187 727 1266 Κερουτίας
752 1193 783 1250 et
810 1188 989 1272 κεροοτιᾷν,
1014 1189 1108 1265 cujus
1138 1201 1277 1266 synony-

167 1306 241 1355 mou
256 1296 305 1351 est
319 1288 498 1372 κοριπτιᾴν,
522 1287 549 1351 si
569 1286 640 1367 quis
661 1284 700 1347 ad
714 1301 818 1347 uerum
834 1283 975 1365 redigere
993 1284 1147 1366 obstinet,
1168 1284 1278 1348 ficticia

167 1382 316 1469 κτροότης
336 1384 481 1449 utendum
503 1385 569 1448 erit.

252 1491 282 1560 §-
309 1483 339 1550 8.
385 1482 475 1547 Nune
505 1482 704 1545 tractabimus
732 1481 861 1545 canonis
889 1496 985 1560 supra
1010 1487 1041 1554 §-
1063 1482 1094 1545 ’1.
1125 1480 1276 1562 propositi

171 1591 292 1668 partem
314 1583 442 1646 alteram
462 1576 643 1661 πρεσβύτης,
669 1573 795 1660 εόλότρς
816 1586 874 1643 etc.
902 1596 981 1659 quiae
1003 1578 1113 1643 eadem
1136 1579 1277 1673 teter—urg

173 1692 221 1747 tur
242 1701 271 1764 p.
292 1681 342 1745 tt.
373 1677 429 1741 sed
460 1694 527 1740 cum
550 1677 745 1756 adjunctione
769 1685 972 1755 oxytonorum
991 1672 1031 1751 τὰ
1050 1672 1105 1739 διὰ
1125 1678 1186 1741 τοῦ
1206 1699 1277 1759 urna

171 1774 305 1857 όξότονα
327 1772 380 1837 καὶ
400 1770 558 1856 captam
579 1770 631 1837 διὰ
650 1776 708 1839 τοῦ
729 1782 751 1839 u
771 1770 921 1856 γράφεται
940 1809 982 1820 -
1001 1773 1155 1855 κωλυτής,
1176 1798 1276 1859 μηνο-

170 1871 233 1956 τὴς.
273 1867 400 1953 'titiana
418 1872 502 1953 quod
518 1874 578 1936 tuuc
596 1872 667 1936 icco
690 1880 721 1937 et
733 1867 862 1955 τόλότης
882 1871 965 1954 quod
985 1872 1039 1935 ilto
1059 1873 1187 1953 legitur,
1212 1876 1276 1938 sine

173 1972 265 2036 dubio
292 1970 371 2035 idem
399 1977 448 2034 est
477 1987 526 2050 ap.
554 1971 625 2034 iles.
648 1965 782 2045 Έλλοτίς
808 1973 946 2044 πλακοῦς
965 1993 1019 2047 τις,
1040 1970 1093 2035 uhi
1116 1980 1203 2037 reete
1222 1971 1276 2043 nu

65 2134 70 2141 .
172 2071 292 2135 bertius
319 2064 445 2149 ἐλλότης
465 2069 588 2148 reponit
603 2086 641 2132 cx
655 2070 751 2134 inser.
762 2069 876 2150 dorica,
897 2069 1011 2148 spiram
1027 2068 1167 2134 tortasse
1181 2070 1277 2150 signi·

173 2168 270 2233 flcans
291 2166 330 2231 ab
352 2162 432 2229 ἐλόω
453 2162 559 2243 succ,
582 2183 652 2230 uam
673 2166 755 2247 quod
777 2184 795 2230 a
817 2165 1016 2244 theognosto
1037 2166 1119 2229 iuter
1141 2184 1277 2249 parony-

173 2282 224 2331 ma
250 2266 396 2346 retertur,
417 2281 522 2345 parum
550 2265 695 2327 momenti
725 2264 824 2327 habet.
875 2263 935 2325 Pro
962 2263 1070 2342 ignoto
1090 2263 1226 2345 μτγότρς
1252 2264 1278 2327 si

175 2365 340 2445 scripseris
363 2361 445 2442 quoe
466 2361 638 2438 Hesychius
661 2360 746 2423 ottert
766 2356 896 2442 μερότης
916 2353 1061 2441 ἀναιδής,
1088 2376 1143 2423 res
1172 2360 1277 2425 eadem

174 2462 246 2527 ioco
276 2460 380 2541 erit,¹¹
412 2460 539 2539 parique
576 2457 761 2520 obscuritate
790 2459 974 2521 circumfusa
1001 2472 1082 2538 quae
1109 2467 1278 2539 sequuntur

175 2555 350 2642 βασαυότρς
378 2563 408 2619 et
436 2550 635 2636 όλκοοούτης.
684 2555 760 2618 Nam
788 2557 988 2637 appellativa,
1025 2572 1105 2636 quae
1137 2558 1276 2621 omnibus

175 2664 251 2720 nota
271 2660 351 2735 sunt,
373 2659 425 2715 aut
448 2655 551 2733 topica
573 2670 652 2733 quiae
675 2670 692 2714 a
714 2659 818 2715 moute
839 2653 941 2715 Basau
964 2660 994 2715 et
1009 2653 1085 2716 urbc
1099 2654 1189 2732 Epiri
1198 2655 1275 2718 Bas-

178 2756 265 2819 sauia
287 2759 317 2815 et
339 2751 413 2814 urbe
435 2758 577 2813 montcue
592 2750 751 2828 Halcyone
767 2750 836 2813 duci
853 2757 994 2830 possunt,
1016 2768 1033 2812 a
1056 2752 1275 2815 somniculosis

176 2851 309 2919 librariis
337 2847 500 2927 aliquando
533 2865 588 2927 per
616 2848 740 2927 ypsilou
768 2849 885 2926 scripta
914 2863 1013 2925 coque
1039 2845 1197 2911 homiuem
1219 2866 1277 2912 no·

177 2958 272 3014 strum
300 2947 332 3008 iu
353 2961 488 3008 errorem
509 2945 663 3007 inductum
685 2962 771 3021 csse,
798 2946 912 3021 fingere
937 2942 1043 3005 durum
1072 2950 1129 3006 est.
1178 2942 1277 3008 Ηιόό-

176 3065 231 3122 της
252 3049 301 3103 est
320 3044 480 3103 bellatoris
502 3042 639 3106 Percosii
660 3058 771 3105 nomeu
791 3042 826 3104 u.
841 3041 888 3104 Vl.
902 3040 951 3103 30.
974 3038 1058 3120 quod
1078 3040 1145 3104 att.
1159 3042 1276 3122 quidem

178 3137 216 3200 ad
241 3130 344 3197 πιὸόω
374 3136 468 3197 refert
497 3138 573 3220 om,
602 3139 649 3201 24.
678 3137 734 3200 sed
763 3155 781 3199 a
811 3139 1006 3217 Tlueoguosto
1036 3145 1098 3201 stat
1123 3140 1276 3204 Arcadius

177 3252 206 3315 p.
227 3232 276 3296 27.
304 3247 417 3294 nomeu
444 3231 518 3295 illud
540 3235 716 3313 paronymis
738 3234 958 3316 adnumerans,
986 3252 1023 3298 ac
1040 3239 1128 3315 jure3
1166 3239 1276 3317 quippe

177 3330 277 3403 Πίόυς
297 3336 483 3392 memoratur
504 3330 605 3393 Schol.
627 3331 660 3393 ll.
682 3331 745 3397 xit.
758 3332 806 3396 26.
834 3333 952 3411 Mysiae
974 3333 1083 3394 tluvius
1106 3341 1200 3397 antea
1217 3334 1276 3397 Ca-

174 3444 264 3490 resus
287 3426 396 3507 dictum,
418 3428 467 3489 cui
489 3427 588 3489 vicina
608 3427 748 3493 Percote.
790 3431 838 3493 Ab
861 3431 920 3491 troc
941 3431 1032 3509 igitur
1054 3430 1176 3493 vocalis
1198 3448 1275 3512 peu-

174 3523 295 3587 ultimae
318 3524 439 3586 transiit
460 3522 498 3585 ad
519 3523 685 3588 derivatum
706 3534 739 3589 ut
760 3527 798 3591 ad
818 3527 974 3606 gentilicia
994 3526 1093 3590 solet:
1131 3528 1273 3609 Πίοοριος

172 3617 260 3694 πόλις
280 3616 440 3700 Αόγόπτου
459 3616 495 3682 τὸ
516 3616 643 3684 {muruco
658 3621 847 3704 Πιναμότης,
869 3617 910 3696 ὦς
931 3623 1028 3702 Αἴγυς
1041 3619 1195 3705 Αἰγότρς·
1211 3616 1228 3688 ὁ
1242 3623 1273 3687 δὲ

173 3714 271 3793 τόπος
297 3712 464 3798 Αἰγύπτιος
492 3719 596 3797 Steph.
624 3721 674 3799 qui
704 3727 802 3783 tamen
824 3722 884 3782 alia
910 3737 1033 3800 quoque
1054 3724 1177 3800 protect
1200 3725 1272 3785 Kai-

174 3814 250 3893 βρυς
270 3811 356 3888 πόλις
373 3811 504 3899 Θρᾴκης,
526 3813 698 3898 Kapoutan
718 3812 761 3891 ὦς
779 3816 923 3898 Alpesne,
946 3819 1064 3892 Μῶλος
1087 3856 1129 3866 -
1150 3818 1271 3885 Μολό-

243 3960 287 4022 to)
304 3959 493 4012 Nominativum
511 3974 562 4012 nou
581 3964 667 4028 repert
686 3962 734 4016 sed
753 3969 889 4016 accentum
907 3968 984 4030 posui
1003 3980 1074 4020 more
1095 3967 1187 4021 iatine.

243 4040 285 4100 11)
304 4045 457 4106 Μεγονίτης
473 4041 588 4105 Achatae
608 4042 701 4095 fluuius
720 4042 794 4095 Paos.
813 4044 869 4099 Vll.
887 4047 929 4111 23,
947 4051 972 4102 5.
992 4047 1036 4100 ubi
1056 4050 1142 4103 nutius
1167 4057 1206 4104 tot
1223 4066 1267 4104 cc-

177 4115 262 4169 dicum
282 4120 382 4183 ypsiton
401 4123 541 4176 substituit.
