2648 4756
181 340 248 411 ttlc
535 338 864 408 nisstttt'tht‘lo
899 340 937 408 11

183 516 214 572 οι
234 508 391 589 gentilicia
407 500 553 587 Ἀργόλας
572 510 604 569 et
624 501 755 588 ἀογόλαι
775 500 863 589 όφεις
884 506 923 570 ab
943 507 1037 586 Argis
1058 505 1107 570 vel
1126 504 1167 568 ab
1189 497 1286 592 ἀργός,

179 599 302 683 Ὀζόλαι
322 608 363 670 ab
383 602 450 683 ὄζαι
469 599 603 685 δέρματα
622 604 688 667 τῶν
714 597 859 686 ὀνάγρων
879 605 961 668 snio.
982 607 1032 668 vel
1053 605 1094 668 ab
1115 600 1186 681 ὄζω.
1229 604 1287 667 Setl

181 696 313 786 ἦαιόλης
332 705 464 768 incubus
491 701 572 766 nnde
600 700 701 767 dictus
730 704 772 766 sit
798 718 889 766 nento
919 703 1080 784 patefecit,
1111 720 1171 767 nec
1201 702 1287 782 adju-

182 811 317 867 nenton
331 802 482 886 praebent
495 801 745 865 ranaenontinis
760 793 1028 882 1οιιιιιιιήαιόλης,
1050 796 1190 882 λφιόλης,
1210 799 1287 882 toto-

104 892 110 899 ’
180 904 245 980 λος,
267 896 425 985 brochon
445 918 474 964 v.
495 899 621 965 Jacobs.
644 898 685 963 ad
699 898 810 962 hohill.
826 914 856 979 p.
872 898 945 963 822.
959 898 1051 963 dies.
1068 897 1108 961 dc
1123 897 1196 962 dial
1211 899 1286 962 aeol.

181 999 507 1067 accusasatum.
532 998 617 1061 Com.
641 996 710 1062 152
733 1014 813 1078 quas
836 1012 944 1062 omnes
972 1014 1010 1061 ex
1037 991 1185 1079 ἐφιόλιης
1206 1005 1288 1062 ortas

183 1116 257 1164 esse
278 1099 361 1163 hand
381 1102 504 1180 proruta
522 1094 607 1161 ddes.
649 1092 803 1169 Αλθιόλας
822 1095 958 1160 Helenae
979 1096 1059 1159 lllius
1082 1096 1155 1159 Sch.
1186 1097 1220 1159 ll.
1243 1098 1287 1161 lll

185 1196 253 1263 171
276 1196 364 1261 llust.
386 1196 458 1279 l00,
478 1195 528 1260 32
549 1194 672 1271 (omiss.
693 1195 726 1257 in
748 1196 816 1276 Th.)
839 1196 975 1259 tortasse
997 1196 1037 1259 ab
1058 1194 1146 1257 otoo
1167 1193 1288 1257 deriua-

184 1299 317 1359 tonost
337 1303 370 1358 ut
390 1295 511 1368 αἰθίοψ.
555 1294 668 1357 Verum
688 1292 767 1357 haee
794 1294 968 1356 terminatio
994 1308 1092 1373 sacam
1118 1290 1288 1356 dubitatio·

95 1421 101 1432 ·
182 1408 253 1457 nern
273 1394 362 1457 adert
383 1400 484 1456 utrnnu
501 1393 607 1456 nativa
628 1392 723 1454 sitan
740 1394 911 1456 contracta.
950 1392 1069 1455 Etenim
1091 1391 1181 1474 urbs,
1202 1408 1288 1472 quam

182 1490 360 1571 Stephanus
388 1491 464 1570 (nisi
484 1498 633 1554 accentus
655 1489 746 1567 lallit)
768 1490 906 1570 appellat
926 1488 1087 1570 pluraliter
1110 1490 1243 1569 Ποίολα,
1269 1506 1286 1552 a

182 1587 337 1652 Nicandro
354 1588 402 1653 ht.
418 1588 466 1653 15
477 1595 607 1651 vocatur
620 1585 710 1660 ιιόλις
724 1584 873 1665 Πριόλαο,
898 1586 954 1651 sed
971 1586 1166 1651 conditorem
1188 1588 1286 1652 Schol.

182 1685 224 1751 ad
249 1686 279 1749 h.
299 1685 319 1749 1
344 1693 376 1750 et
397 1685 437 1749 ad
457 1686 569 1750 hesch.
591 1686 676 1749 Pers.
697 1685 768 1751 933.
799 1682 959 1767 Πριόλαον
984 1687 1098 1751 dicunt.
1141 1687 1287 1753 Macedo-

182 1798 253 1847 nent
278 1783 430 1863 quendam
457 1785 592 1849 nohilern
618 1784 802 1848 Plutarchus
826 1784 914 1849 hieu
941 1800 967 1849 c.
989 1782 1039 1849 69.
1061 1777 1180 1862 Ἰόλαν,
1208 1784 1287 1865 quod

181 1879 316 1945 llhertus
337 1881 368 1943 in
390 1882 482 1947 Sicel
503 1900 532 1963 p.
546 1882 596 1947 94.
617 1899 656 1947 er
675 1877 794 1946 Ἰόλαον
806 1888 998 1948 contractum
1017 1888 1114 1965 putat,
1135 1882 1286 1947 sedidem

181 1979 456 2063 1161111127,
478 1980 506 2046 3.
534 1982 650 2045 llitrur.
673 1981 748 2044 vlit.
769 1981 799 2063 3,
822 1982 870 2046 16.
896 1977 1012 2056 Ἰόλλας
1031 1982 1180 2047 scribitur
1200 1981 1287 2045 simi-

180 2076 253 2143 liter
273 2084 306 2141 ut
325 2078 478 2158 Bithynus
498 2078 550 2144 ille
570 2081 623 2160 qui
644 2077 683 2141 de
709 2082 840 2143 materia
862 2079 981 2144 modica
1008 2080 1137 2159 scripsit
1164 2098 1195 2144 v.
1215 2080 1287 2142 llei-

181 2191 249 2245 nes
276 2176 346 2241 lar.
367 2178 465 2243 Leclt.
486 2179 521 2241 ll.
544 2177 613 2242 162.
634 2183 666 2240 el
685 2177 796 2241 l'ollux
817 2178 864 2242 tv.
886 2179 936 2244 55.
965 2175 1110 2260 Bonam
1128 2167 1174 2260 ἦν
1191 2171 1286 2241 Ἰόλλα

181 2266 329 2356 We,
352 2274 435 2354 quod
457 2292 514 2355 pro
536 2277 712 2355 composito
734 2276 841 2339 haberi
861 2278 976 2358 nequit.
1016 2278 1083 2342 Noc
1104 2283 1209 2340 tannen
1229 2292 1284 2339 ne-

57 2382 61 2389 ·
180 2375 318 2455 manunt
337 2371 476 2437 Graecos
491 2371 643 2436 interdum
658 2374 833 2467 huju-sinodi
846 2374 1008 2439 uocabulis
1022 2374 1198 2440 reddidisse
1210 2393 1284 2457 spe-

182 2474 261 2537 ciem
282 2471 542 2550 compositorum,
562 2487 642 2550 quae
664 2474 694 2534 in
714 2475 772 2545 λας
789 2474 974 2538 contrahere
987 2481 1207 2539 consuessent.
1241 2475 1285 2537 lle

181 2567 356 2632 nominibus
372 2567 494 2646 quiden
508 2567 700 2632 Dorienslum
721 2571 806 2634 nulla
823 2573 887 2635 lere
899 2580 949 2636 est
960 2571 1121 2655 dubitatio,
1141 2582 1177 2636 ut
1194 2575 1284 2634 Πλει-

182 2661 291 2738 ιιιόλας
304 2665 476 2744 &ulands
498 2665 705 2732 Thnc.ll.19.
729 2666 896 2749 flaccidica
910 2670 1080 2735 Phalaridis
1099 2672 1182 2735 lllius
1203 2671 1284 2736 Suid.

184 2760 341 2837 Πειθόλας
363 2761 532 2827 Thessalus
555 2763 711 2829 Demosth.
727 2767 816 2849 1376,
831 2770 860 2833 5.
891 2767 1056 2850 Ποιαόλας
1072 2770 1170 2834 lnscr.
1185 2772 1283 2851 Spart.

181 2860 324 2929 hatto,
351 2878 408 2941 pro
436 2877 498 2941 qua
525 2864 652 2943 saepius
683 2862 865 2945 Ιιοατόλαος
891 2869 1059 2949 iuvenitur,
1092 2875 1127 2932 ut
1151 2865 1285 2950 Ίὶμόλας

181 2963 321 3027 Boeotus
343 2958 450 3037 Polyb.
473 2959 563 3023 Xllll.
586 2961 634 3042 14,
655 2961 683 3026 l.
713 2965 960 3030 allemcsthcne
985 2962 1139 3047 Τιμόλαος
1165 2966 1283 3048 dicitnr,

182 3060 257 3140 quin
282 3059 376 3121 ctiam
402 3056 601 3121 Atheniensis
622 3067 673 3122 est
699 3059 832 3142 Ίλμόλας
852 3067 883 3131 in
904 3067 998 3129 lnser.
1028 3065 1134 3129 Naval.
1156 3065 1195 3131 X.
1216 3066 1282 3130 385.

182 3163 214 3220 et
235 3150 399 3235 Μισγόλας
426 3170 483 3233 pro
505 3151 690 3235 Μισγόλαος
709 3178 737 3224 v.
758 3163 887 3226 lleinek.
908 3165 986 3228 llist.
1008 3164 1093 3228 Com.
1114 3163 1187 3228 387.
1226 3165 1284 3227 Pe·

181 3252 261 3332 lasgi
282 3266 394 3314 nomen
409 3244 555 3333 Ἀγρόλας
573 3254 664 3319 Paus.
687 3258 771 3342 128,
787 3259 815 3324 3.
843 3257 992 3342 Σαμόλας
1011 3263 1127 3327 Achaei
1146 3262 1283 3343 Xencph

181 3343 328 3423 Λυκόλας
351 3348 455 3411 hetoli
483 3349 593 3413 Athen.
614 3352 690 3418 xttt.
712 3354 781 3421 605.
802 3358 835 3423 B.
863 3362 924 3424 utri
949 3362 1056 3441 generi
1082 3358 1286 3425 adscribenda

182 3449 262 3531 sint,
288 3445 488 3528 injudicatum
516 3448 695 3531 relinquam.
744 3454 860 3521 Eadem
881 3468 931 3524 est
952 3461 1166 3523 lernininorum
1188 3457 1285 3521 arnhi-

180 3547 293 3628 guitas.
334 3543 457 3609 Κλεόλα
481 3546 603 3627 quidem
625 3549 730 3615 schol.
752 3552 853 3619 orest.
875 3573 903 3619 v.
926 3558 955 3622 5.
977 3574 996 3621 a
1017 3553 1172 3636 Κλεόλαος,
1204 3555 1285 3638 qnod

181 3653 232 3710 est
251 3643 377 3707 Phliasii
398 3658 510 3706 nomen
532 3645 622 3709 Paos.
644 3646 795 3731 v.2t,1.
818 3653 1002 3719 declinatum
1025 3656 1158 3736 dixeris3
1180 3659 1285 3737 zion-

180 3741 256 3808 ιόλα
276 3744 364 3807 Dent.
385 3756 411 3805 c.
432 3741 543 3807 Neaer.
566 3742 655 3828 1351,
679 3746 727 3813 tt.
752 3751 862 3817 Athen.
884 3754 961 3820 Xlll.
983 3755 1052 3821 593.
1074 3754 1109 3820 E.
1138 3772 1157 3818 a
1179 3758 1284 3837 Σιρα-

179 3838 273 3914 αόλας
300 3846 333 3903 nt
359 3837 456 3902 Eleus
485 3838 608 3919 qnidam
634 3852 765 3911 uocatur
785 3848 925 3935 Xenoph.
947 3854 1014 3917 sive
1033 3850 1234 3937 Στρατόλαος
1253 3858 1284 3917 ut

180 3936 379 4006 Atheniensis
408 3937 500 4019 corp.
520 3936 616 4005 lnscr.
643 3956 673 4009 n.
694 3942 764 4012 271.
785 3948 814 4013 h.
842 3952 875 4015 in
893 3948 1033 4017 hddend.
1057 3952 1090 4016 Τ.
1112 3953 1134 4017 l.
1164 3970 1194 4034 p.
1216 3950 1284 4017 910.

181 4044 213 4103 et
234 4034 374 4100 similiter
388 4027 549 4112 Ἀριοαόλα
569 4051 599 4100 ιι.
621 4037 689 4105 155.
712 4049 745 4107 ct
764 4049 884 4129 Xoollo
904 4051 983 4115 Plut.
1006 4051 1133 4127 Quacst.
1155 4050 1208 4117 dr.
1223 4050 1283 4115 llll.

181 4150 273 4218 quum
290 4134 473 4215 praesertim
489 4133 521 4197 in
537 4134 632 4200 lnscr.
646 4137 755 4205 Boect.
778 4159 807 4209 n.
819 4147 909 4212 1597.
932 4149 1051 4232 tegatur
1064 4149 1189 4232 plenum
1205 4151 1283 4231 liot-
