2648 4756
169 356 241 427 494
537 346 863 417 blssnttrnrlo
891 346 943 414 Xl.

171 517 331 600 εὐνουχίαι
351 514 392 581 od
411 530 561 580 summam
584 513 666 578 idem
693 512 848 594 estquod
874 503 1100 591 ιῦνονχοτιὸιῑς
1125 511 1180 575 sed
1202 530 1281 595 pro·

171 621 244 702 pius
257 616 453 679 substantivo
471 621 504 677 ut
516 612 738 692 adjectivorum
752 613 999 691 compositorum
1015 626 1119 691 genus
1131 610 1283 691 deplect-

175 717 247 796 ναι,
280 708 432 791 ίσόβρυον
459 720 489 775 ot
515 712 593 791 olio,
628 710 741 790 quibus
770 708 1028 789 significationem
1056 708 1285 773 assimilativum

173 811 353 878 attributam
375 826 448 874 csse
471 809 594 873 ostendi
612 809 645 871 in
665 808 797 871 llissert.
811 808 832 871 l.
847 823 874 872 c.
887 807 937 870 lli.
954 814 984 882 ς.
996 807 1028 871 5.
1073 808 1146 871 ltlin
1162 807 1283 888 omplil-

173 911 286 975 eeliris
307 908 499 971 adnumerari
521 911 670 989 possunt:
702 906 830 985 στομίας
855 898 973 987 ὑμένα
991 901 1096 987 στόμα
1118 902 1203 987 ἔχων
1222 906 1283 971 llos

173 1007 357 1090 ιωγαιιιίας,
391 1007 521 1087 τριχίας,
549 998 665 1085 ὥμίας,
692 1019 822 1083 quorum
848 1003 944 1067 multu
969 1021 1040 1069 cnm
1065 1004 1285 1087 nmplibcntiris

173 1108 261 1174 lobni
285 1106 440 1170 sermonis
468 1104 672 1183 conueniunt,
702 1100 856 1181 μιτντίας
876 1103 998 1184 bento,
1024 1104 1227 1185 πλασματίας
1244 1106 1286 1169 ln-

174 1206 267 1287 bulo,
287 1203 411 1276 azoticos
431 1202 586 1283 tenebrio,
612 1199 753 1281 ωρατίας
773 1200 872 1279 mirio,
893 1201 1076 1282 στιγματίας
1096 1202 1237 1285 verbero,
1256 1210 1285 1267 ol

174 1320 246 1369 oum
264 1301 369 1365 verbis
391 1298 578 1365 Graecorum
600 1295 816 1362 desideretiris
837 1299 964 1378 κουρίας
982 1301 1136 1386 τουριᾷν,
1170 1294 1283 1383 dplnb

173 1401 247 1483 μίας
266 1393 460 1485 ὀφναίριιᾷν,
479 1390 593 1477 ὠχρίας
612 1389 746 1481 ὠχριᾷν,
777 1411 908 1476 qnorum
928 1397 969 1461 ud
988 1398 1227 1465 similitudinem
1238 1401 1283 1463 in·

171 1500 224 1565 111
244 1498 361 1564 redibo.
392 1495 601 1561 Dominutiuse
623 1495 792 1574 potestatis
812 1496 944 1575 vestigio
962 1496 1050 1560 nulle
1070 1500 1283 1578 ugnoscimus3

173 1613 247 1662 nem
274 1595 359 1678 quod
385 1593 565 1660 Eustotlrius
592 1608 611 1655 c
636 1592 753 1655 benico
781 1592 937 1657 rlrotorico
964 1594 1054 1657 ederi
1082 1612 1117 1677 p.
1143 1596 1219 1680 565,
1243 1596 1284 1663 nb.

172 1698 337 1773 meipso
356 1688 393 1757 τὸ
413 1687 544 1755 πάππαν
563 1692 668 1753 καλεῖν
687 1685 740 1752 καί
759 1690 917 1753 amdan·
938 1687 1024 1755 οὕτω
1046 1688 1286 1773 δὲτὸνιντίρι

173 1794 207 1861 cl
223 1789 352 1857 Ἀντιιιοί
371 1785 619 1869 ὑποιορίζοασιν,
639 1794 771 1868 apparel
780 1788 1032 1868 bypoconsmum
1052 1807 1123 1856 non
1138 1792 1172 1857 ln
1185 1795 1285 1858 termi-

173 1893 301 1957 natione
321 1891 427 1953 inessc
448 1886 556 1951 sedin
574 1887 645 1967 ipso
665 1902 753 1953 roco.
801 1888 909 1968 ltaque
929 1887 1077 1969 quidquid
1102 1898 1236 1972 superat
1258 1892 1286 1955 in

173 2004 266 2053 nuum
286 2004 385 2067 genus
399 1983 646 2049 confundendum
663 1989 723 2068 cst,
744 1985 829 2066 quod
849 1983 1079 2050 denominativo
1103 1988 1284 2071 complecti-

174 2094 234 2153 tor.
275 2086 393 2151 llorum
421 2084 483 2148 ulie
511 2100 531 2147 n
556 2083 686 2146 materie
707 2081 791 2146 dicte
818 2090 906 2165 sunt,
935 2076 1014 2158 ὀπὸς
1035 2082 1138 2164 ἀξίας
1159 2096 1191 2151 et
1210 2108 1284 2151 ταν-

173 2185 252 2264 linc,
277 2179 372 2267 τυρὸς
391 2183 520 2265 κραδίας
540 2190 571 2248 el
589 2175 690 2258 dnm,
712 2175 805 2259 &ptos
824 2180 1000 2263 mlbvdlus,
1021 2179 1151 2248 κνκεὸν
1168 2187 1285 2270 {bippo-

173 2286 245 2358 νίτς
271 2318 312 2330 -
336 2282 398 2347 olio
426 2282 538 2347 eloco
560 2281 613 2345 obi
633 2284 796 2343 versentur
822 2279 872 2342 vel
892 2280 1029 2344 condunt
1054 2283 1119 2362 μῦς
1144 2278 1284 2368 ὀροφίας

173 2379 263 2464 totid
281 2381 465 2461 τινευμονίαι
483 2376 537 2442 καί
558 2373 685 2462 beurim
703 2377 780 2443 l‘oll.
795 2374 823 2418 ¹³
848 2376 939 2451 λίθος
957 2378 1097 2463 θρᾳιιίας
1117 2399 1214 2464 quom
1233 2384 1284 2449 Ns.

173 2479 290 2546 otndor
315 2478 396 2540 λᾶαν
421 2473 594 2560 opimone,
625 2476 798 2555 Hesychius
824 2473 965 2562 θρᾴττην
988 2486 1093 2543 vocnt
1153 2480 1284 2547 Ulterius

172 2575 320 2661 progredi
346 2591 409 2638 non
430 2582 534 2657 vacat,
563 2592 662 2655 noque
688 2582 812 2639 veteres
841 2577 909 2639 tusi
936 2575 1027 2655 hujus
1056 2579 1283 2645 terminationis

173 2676 336 2756 regiones,
356 2672 478 2755 limites,
500 2673 632 2736 conlinit
652 2681 684 2736 et
704 2673 837 2736 divortia
855 2672 1043 2756 describere,
1064 2675 1126 2740 scd
1148 2676 1282 2742 dubitent

171 2782 275 2840 utrum
296 2767 408 2853 ἄνεμος
433 2770 482 2835 uel
507 2765 620 2852 χειμὼν
648 2767 792 2852 ὀρνιθίας
812 2772 859 2834 sic
879 2770 998 2834 dicutur
1018 2779 1053 2835 nt
1075 2768 1195 2854 ἄνεμος
1213 2780 1278 2858 χιία

173 2872 282 2946 doulon
307 2872 368 2935 boc
397 2877 446 2934 est
472 2870 500 2933 is
529 2869 580 2949 qui
608 2886 677 2933 cum
704 2869 916 2932 hirundinibus
938 2870 1130 2936 increbescit
1154 2890 1196 2938 en
1217 2876 1278 2956 quit

174 2988 250 3038 oves
270 2970 386 3050 alligit.
426 2970 474 3032 Ac
495 2968 555 3030 nisi
573 2967 702 3031 relatum
723 2966 896 3046 legeremus
907 2967 1057 3048 ιιραινίας
1070 2985 1149 3036 esse
1163 2974 1278 3053 cpitltc
1314 3022 1318 3041 ,

171 3077 227 3133 tou
254 3068 325 3146 equi
352 3067 505 3129 sternacis
534 3065 577 3142 (v.
604 3062 794 3129 Wcrnsdori.
822 3065 860 3129 ud
887 3067 993 3129 Arion.
1014 3067 1137 3150 Perieg.
1166 3088 1197 3135 r.
1216 3071 1278 3136 wi.
1313 3044 1318 3127 l

171 3182 203 3248 p.
222 3163 294 3229 934.
319 3164 352 3226 Τ.
370 3164 434 3242 vt.)
457 3170 487 3225 et
505 3159 609 3243 τάφον
632 3163 809 3244 σεινματίαν
836 3163 949 3226 dictum
978 3164 1076 3230 luisse
1105 3167 1277 3250 sepulcrm

172 3278 280 3327 eorum
302 3261 354 3342 qui
376 3268 573 3325 terraemotu
585 3260 719 3325 obsumti
734 3268 850 3342 essent,
872 3261 902 3325 id
915 3278 1005 3327 nemo
1020 3268 1210 3346 conjecturo
1229 3285 1277 3333 ss·

171 3367 364 3443 sequeretur.

256 3497 286 3567 s.
307 3490 336 3555 4.
378 3490 424 3554 lle
446 3488 636 3554 derivatione
659 3494 690 3552 et
710 3488 935 3570 significatione
955 3492 1116 3559 hactenus.
1161 3496 1208 3563 Dc
1229 3513 1276 3562 nc-
1311 3528 1314 3553 ι

173 3598 265 3658 centu
285 3590 420 3654 breviter
441 3589 581 3669 perorari
609 3593 731 3668 potest:
762 3583 802 3650 τὰ
828 3588 871 3662 είς
896 3578 935 3664 ας
960 3586 1109 3668 καθαρὸν
1136 3588 1276 3676 ἀρσενικὰ

170 3685 337 3775 βαρύνεται
357 3690 427 3751 Arc.
450 3685 501 3768 21,
523 3687 550 3751 7.
570 3684 635 3749 Eli.
659 3684 727 3764 101,
750 3685 799 3751 48.
821 3687 873 3750 ubi
895 3690 1007 3753 vitiose
1028 3693 1185 3774 scriptum
1207 3694 1277 3776 dpu-

169 3784 294 3862 ιιοντιάς
316 3794 346 3851 et
368 3784 450 3867 quod
470 3784 502 3847 in
524 3784 713 3848 Tlrcsournm
733 3784 916 3866 immigrant
933 3784 1042 3869 βείιάς.
1063 3790 1187 3857 Eodem
1209 3793 1276 3856 uitio
1308 3822 1313 3933 1

242 4004 285 4069 13)
304 4003 452 4071 flonetius
469 4004 570 4059 Κννίας
585 3998 664 4056 ullos
680 3999 728 4049 καί
743 4001 813 4069 χείρ.
847 3997 915 4053 illud
933 4005 975 4055 ost
990 4001 1055 4069 pilei
1071 4014 1163 4069 genus
1179 4005 1275 4073 opelte
1309 3972 1312 3977 Ι

172 4085 264 4138 crnint
282 4091 311 4140 nt
327 4091 430 4143 Κανίας
446 4083 570 4142 adiubes
585 4082 619 4139 de
638 4096 721 4137 mnne
741 4082 885 4138 conlectus.
919 4085 968 4138 Pro
984 4088 1046 4153 χείρ
1069 4085 1189 4145 tortum
1211 4090 1274 4144 seri·

169 4167 283 4226 bendum
301 4172 387 4235 φθιίρ
404 4168 433 4221 ld
451 4172 493 4224 est
509 4163 615 4235 κρότων
630 4170 689 4225 sire
707 4167 794 4237 φίιίρ
811 4166 916 4226 κύνειος
931 4167 1006 4223 Snld.
