2648 4756
163 337 214 401 DE
236 336 511 416 monterionem
530 337 644 407 CRAR.
659 339 736 406 EST
751 338 881 406 Sionis.
904 342 936 407 C.
954 342 988 407 lt.
1008 344 1074 419 53.
1097 346 1168 414 ¹127

65 501 225 564 ιοοειιιι.Π
266 503 306 565 Et
326 502 447 584 longius
469 501 632 591 deductum
658 499 816 586 εἰρεσιώνη
842 505 882 571 ab
909 498 998 589 εἶρος,
1027 508 1111 589 quod
1136 511 1168 575 in

64 600 198 661 transitu
220 616 344 665 casuum
365 608 416 666 tau
436 603 638 696 non-recipit
679 601 886 667 Usitatissima
911 623 987 669 vero
1012 614 1061 671 est
1082 608 1167 675 deri·

63 697 149 758 vatio
174 696 392 776 adjectivorum
411 702 442 764 in
462 715 559 783 ήσιος,
579 702 709 765 maxime
730 717 750 763 a
772 702 947 766 nominihus
970 705 1086 783 primae
1108 706 1166 773 de-

63 794 242 860 clinationis
272 799 437 881 femininis,
466 795 584 882 Ἀλοήνή
608 793 810 880 Ἀλσινήσιος,
845 791 955 881 Ἰθάκη
977 794 1163 886 Ἰθακήσιος,

65 890 204 976 Μυκάλη
227 892 437 978 Μυκολήσιος,
458 894 590 980 Στρύμη
610 892 818 978 Στρομήσιος,
841 895 1043 980 Πεντελήσιος
1058 904 1163 985 Steplu

62 1008 89 1055 s.
112 993 238 1072 Δελφοί,
261 1001 290 1058 et
310 1013 330 1058 a
350 994 428 1060 deae
450 999 572 1061 nomine
589 990 770 1076 Ἑκατήσιος
789 1002 822 1059 ιιι
838 989 1029 1078 Ἑκολήσιος,
1050 1001 1089 1064 ab
1104 1018 1164 1082 ap-

62 1088 218 1168 pellativis
248 1089 384 1175 λιτήσιος
416 1094 517 1161 Noun.
542 1094 641 1159 xuni
676 1093 746 1158 13⁸1.
775 1087 952 1175 ἡμερήσιος,
987 1094 1165 1181 πρυμνήσια

63 1185 152 1251 Diod.
173 1188 250 1257 xiii.
282 1192 331 1257 55.
364 1191 403 1257 de
428 1208 490 1273 quo
511 1192 631 1257 Polion
658 1191 679 1254 1.
707 1190 756 1257 93.
785 1192 921 1256 tortasse
945 1195 1049 1261 mitius
1074 1214 1164 1278 quam

61 1300 119 1364 par
140 1294 189 1351 esi
203 1287 323 1368 proteat
342 1286 470 1372 ὲηωρεῑ
486 1290 531 1377 τῷ
551 1283 691 1369 ὀνόματι·
700 1290 846 1369 χρῆσθαι,
868 1280 970 1373 κᾶνή
995 1291 1165 1375 ποιητικόν,

62 1390 95 1445 et
116 1383 177 1449 hoc
204 1385 340 1453 deterius
365 1385 528 1470 τρορήσιοι
556 1387 661 1455 Schoi.
688 1387 762 1465 Lyc.
783 1387 854 1455 295.
871 1389 938 1453 Em
959 1389 1029 1473 693,
1049 1391 1100 1459 38.
1121 1396 1164 1459 1ο-

62 1477 199 1563 μνήσεον
226 1485 343 1552 irerbae
368 1503 483 1551 nomen
513 1504 604 1567 quam
631 1485 822 1565 antiquiores
855 1486 1016 1567 λιμνήστεν
1043 1498 1163 1561 uocant

61 1579 112 1643 Ab
132 1580 192 1665 nis,
210 1598 291 1664 quae
312 1586 344 1649 in
364 1572 405 1659 o}
421 1584 577 1651 excidunt:
597 1577 696 1657 Αἶνος
713 1577 864 1664 Alopece
882 1584 983 1650 strab.
1008 1584 1165 1671 Λοθήσιορ

58 1671 218 1745 Ἀπόλλων
246 1676 265 1744 ὁ
292 1684 336 1769 τῷ
360 1679 396 1748 ἐν
423 1679 537 1768 Μαλέᾳ
563 1682 645 1767 λίθῳ
677 1676 918 1762 προςιὸουμὲνῠς
945 1678 989 1756 ⁰58
1014 1677 1078 1749 ιἰιιό
1103 1689 1163 1753 τοῦ

61 1773 223 1859 Μάραθορ
241 1778 453 1864 Μοραθήσιος
472 1781 578 1863 Stepiu.
598 1775 702 1860 μύρον
713 1775 917 1861 Μεμοήήσιον
931 1773 994 1844 ἀπὸ
1010 1777 1164 1864 Μεγάλου

62 1874 252 1942 Σικελιώτου
272 1880 350 1945 Poii.
370 1897 432 1960 quo
455 1886 556 1943 tanmu
577 1878 720 1941 testatior
742 1884 790 1940 est
804 1876 1164 1961 scripturaMepriiiscce

61 1969 124 2039 ιἐιιὸ
145 1972 316 2057 Μεγνῢλον
336 1979 405 2042 sive
424 1972 599 2041 Mortuos.
642 1974 705 2039 Sed
726 1976 897 2039 consimilis
919 1983 968 2040 est
989 1978 1087 2065 iterus
1104 1980 1164 2047 ati-

57 2075 245 2152 Jeotirorum
274 2071 387 2156 βροτός
412 2083 443 2139 et
464 2069 643 2156 βροτήσιος,
663 2066 812 2151 νύκτερος
831 2069 1049 2159 νυτιερήσιορ,
1075 2084 1106 2142 et
1131 2080 1163 2145 in

62 2188 208 2236 sermone
228 2172 414 2237 Graecorum
435 2174 527 2251 nujus
549 2172 662 2234 aetatis
683 2165 824 2249 ἐΜφειος
843 2166 1027 2252 ἐλοφήσιορ,
1048 2172 1164 2255 ampo·

60 2290 141 2343 τειος
159 2266 376 2352 προβοτήσιος,
396 2271 578 2351 quibuscum
605 2268 740 2333 conferri
765 2267 839 2332 licet
865 2270 992 2349 antiqua
1009 2262 1165 2347 ’Μιάήοιος

62 2374 94 2433 et
110 2362 311 2450 Ἑκαλήσιον,
338 2367 412 2433 itiuu
438 2368 542 2447 iovis,
570 2366 631 2431 hoo
657 2365 839 2429 solemnium
865 2383 994 2447 nomen,
1023 2372 1054 2433 et
1081 2370 1165 2451 quod

61 2466 248 2545 Apollonius
270 2465 390 2529 nauium
412 2465 582 2529 retinacula
603 2463 694 2527 modo
716 2463 864 2543 πείσματα
884 2469 1045 2546 πρυμνοῖο
1070 2476 1165 2535 vocat

62 2564 157 2627 modo
179 2564 372 2627 substantive
391 2559 579 2667 πρυμνήσια,
592 2555 811 2633 ιιΙίἰἙκοιτοῑος
823 2567 854 2624 et
862 2555 1049 2643 Ἑκατήσιος,
1062 2568 1164 2646 Σιρν-

61 2665 155 2742 μοῖος
175 2662 235 2742 (sic
257 2660 323 2726 cod.
346 2661 465 2743 steph.)
486 2669 517 2724 et
539 2654 742 2741 Σιρυμήσοος.
755 2662 782 2699 ¹⁸
820 2662 1042 2726 Anomiuibus
1056 2665 1166 2729 tertiae

62 2763 176 2823 Έτειον
194 2753 231 2820 τὸ
250 2750 314 2821 κατ’
336 2755 412 2836 ἐἰος,
433 2755 555 2840 ἐτήσιον
575 2759 649 2822 Hes.
671 2774 750 2836 quae
771 2756 918 2820 discernit
939 2759 1165 2841 Moschopulus

63 2856 175 2923 Sohed.
200 2856 267 2921 109.
290 2853 383 2929 ἔτειος
404 2851 422 2919 ὁ
441 2853 574 2937 χρόνιος,
595 2850 715 2934 ἐιήσιος
735 2848 768 2915 δὲ
789 2846 824 2913 τὸ
845 2845 909 2913 κατ’
925 2849 1000 2930 ἔτος,
1015 2872 1074 2918 neo
1090 2873 1163 2920 raro
1232 2898 1238 2909 ·

62 2957 213 3019 differunt.
255 2957 283 3018 Α
308 2951 431 3034 κάρφος
461 2963 493 3016 ut
520 2953 650 3028 uidetur,
676 2946 866 3030 κοριιήσιον,
896 2951 984 3026 cujus
1012 2945 1105 3011 λεπτὰ
1124 2945 1164 3013 τὰ

61 3051 169 3136 νάριρή
191 3053 294 3117 Galen.
323 3050 652 3117 donatiuum
678 3048 755 3111 xlii.
802 3048 830 3109 Α
858 3046 1013 3109 Charitum
1038 3049 1162 3114 nomine

62 3154 146 3217 diota
179 3158 251 3215 suut
278 3147 458 3231 Χαριτήσιο.
508 3148 618 3211 Aliena
649 3162 723 3208 vero
752 3162 771 3207 u
804 3146 967 3225 proposito
996 3146 1048 3210 illa
1082 3164 1164 3229 quae

62 3252 240 3332 Stephanus
267 3250 405 3327 suggerit
434 3240 613 3326 ΚαβιΜιών
634 3240 899 3323 Κοιβιλλιωνήσιος
929 3237 971 3315 (ὃς
996 3241 1162 3323 Tutiam·

61 3346 185 3431 νήσιος·
206 3341 284 3410 κατὰ
305 3343 338 3409 ὁὲ
358 3342 414 3409 τὸν
433 3338 591 3424 {terminos
614 3339 739 3421 (τύπον)
764 3341 995 3419 Καβελλσινήιης
1015 3334 1058 3413 ὦς
1083 3339 1162 3421 Terd-

60 3447 242 3527 ῥοκοννίτης,
264 3444 317 3507 iila
338 3446 417 3509 enim
440 3446 539 3507 forma
560 3442 749 3520 semigraeca
770 3444 819 3500 ost
840 3443 871 3498 ut
889 3428 1085 3517 Ἰταλικήσιος
1105 3455 1162 3519 pro

60 3547 245 3625 italicensis,
269 3539 451 3623 Παρμήσιος
471 3557 527 3621 pro
549 3538 725 3602 Parmensis
748 3543 806 3599 eto.
827 3552 855 3598 ι.
877 3534 986 3598 Parati.
1006 3535 1055 3599 32.
1073 3551 1162 3599 eam·

60 3663 123 3727 que
146 3644 186 3707 ob
207 3658 333 3706 oausam
355 3658 450 3720 supra
471 3632 655 3719 Μεγολήσιο
675 3634 868 3715 praetermisi
890 3634 993 3697 sciens
1022 3633 1162 3711 quamvis

56 3804 268 3818 ...a—n-——-
275 3802 340 3809 --·-*

134 3892 177 3957 rt)
202 3890 241 3944 ue
272 3888 383 3957 propriis
397 3886 538 3936 Ἀνιεοιων
560 3883 644 3937 Nono.
661 3879 773 3934 xxviii.
794 3879 850 3935 112.
870 3883 897 3934 et
915 3876 1049 3929 Αόιεσίων
1066 3876 1162 3932 Herod.

63 3975 127 4029 nihil
148 3974 271 4040 explorati
293 3970 386 4023 habeo.

134 4058 178 4121 18)
190 4052 329 4120 Ὑβλήσιος
346 4051 497 4105 navicularii
514 4062 609 4103 nomon
626 4052 668 4102 est
683 4043 817 4099 itemesti.
836 4058 862 4110 p.
882 4044 941 4102 926.
955 4041 1079 4111 ’Υμλοῖος
1094 4058 1164 4111 gen.

65 4141 185 4195 tilioium.
220 4136 394 4204 Εὐονδριρσία
412 4147 458 4201 pro
475 4131 605 4198 εὐανδρία
623 4130 772 4195 suspectum
791 4126 885 4181 habeo.
