2648 4756
532 1036 641 1103 l‘ill'.
677 1038 701 1103 l.

242 1224 298 1290 Dr
322 1225 522 1292 neruiuidue
548 1228 583 1292 iu
613 1251 731 1324 -γ-
768 1231 989 1297 exearrrlidua.

148 1488 178 1554 §.
204 1485 229 1546 l.
269 1481 355 1546 Unde
376 1486 547 1565 superioris
569 1485 788 1567 disputationis
808 1487 926 1550 initium
947 1485 1097 1569 duximus,
1118 1490 1170 1552 iu-

103 1578 165 1642 lem
194 1596 275 1642 nuuc
302 1582 547 1665 prellciseemur,
581 1585 620 1647 ab
648 1585 843 1647 imitamentis
866 1600 1014 1649 seuerum
1033 1581 1171 1667 αάραγος

102 1674 173 1758 ἱφος
192 1675 332 1757 πριόνων
355 1680 427 1744 Hes,
449 1678 590 1762 ῥάθαγος
611 1676 628 1745 ὁ
648 1686 713 1744 τῶν
732 1677 880 1762 κυμάτων
899 1673 974 1765 ἦχος
993 1704 1171 1766 προςφγνυ-

103 1797 169 1838 νων
187 1782 255 1851 ταῖς
274 1772 397 1858 πέτραις
418 1779 521 1843 Sohol.
542 1779 607 1843 nie.
631 1781 684 1844 Th.
708 1779 777 1844 194.
800 1781 880 1843 unde
899 1780 1168 1863 verbudadoepeiv,

102 1871 274 1955 ραθαγεῐυ,
296 1878 468 1959 βραταγεῑν,
490 1878 601 1958 quibus
622 1872 721 1957 ῥόθος
736 1884 766 1941 et
780 1873 894 1957 ῥόθιον
908 1884 1089 1963 coneiunnt;
1110 1879 1171 1945 πά-

103 1993 174 2051 γος,
203 1968 324 2055 ααιάγιγ
352 1981 382 2037 et
408 1970 556 2037 αατάσσω
580 1992 598 2038 a
618 1975 717 2038 uratur
738 1985 956 2057 propagatum
996 1996 1016 2042 u
1042 1976 1170 2062 αλήσσω

101 2067 221 2152 ατάγη,
259 2074 306 2134 eui
329 2072 496 2135 adhaerent
521 2068 680 2154 αλαταγέω
701 2076 871 2155 simlia
893 2075 1035 2156 (plaudo)
1057 2072 1170 2160 αὸἡσ-

101 2191 122 2248 ι,
146 2177 180 2231 ut
202 2169 334 2253 ridetur,
361 2167 522 2251 σφάραγος
549 2172 682 2253 (fragor)
708 2167 814 2254 ψόφος
833 2172 906 2235 lles.
935 2188 974 2235 en
1001 2189 1063 2253 que
1082 2174 1169 2241 loris

101 2268 262 2348 eptunique
296 2272 480 2349 cognomina
511 2266 753 2352 βαρυσφάραγος
785 2277 815 2333 et
843 2265 1050 2350 ἐρισφάραγος
1077 2278 1171 2351 atque

101 2367 164 2429 :rba
185 2373 371 2446 σφαραγεῑν,
393 2370 597 2448 σφαραγίζειν.
635 2371 667 2433 Si
690 2385 763 2431 vero
787 2375 891 2447 gutlur
912 2366 1024 2430 dicitur
1044 2364 1170 2450 σφάρα-

101 2487 121 2538 ς
143 2465 192 2526 vel
213 2475 245 2527 ut
267 2483 348 2528 nune
369 2467 449 2545 apud
465 2469 628 2530 Homerum
646 2469 790 2530 scribitur
810 2459 991 2547 ἀσφάραγος
1013 2473 1044 2529 et
1062 2462 1172 2548 λαγώς

101 2560 308 2643 ιλοοφάραγος
337 2564 466 2644 Oppiun.
496 2567 570 2643 Cyn.
602 2567 649 2628 lV.
672 2565 741 2629 tte.
769 2581 879 2626 numen
908 2580 927 2626 a
955 2581 1034 2628 seue
1064 2574 1171 2630 trans·

100 2671 161 2725 turn
191 2662 310 2724 ridetur
337 2671 369 2723 ut
395 2661 574 2744 γαργαριών
594 2666 759 2745 perpetio,
793 2664 986 2742 quantumvis
1014 2663 1171 2746 discrepet

100 2778 166 2822 »nus
196 2762 244 2839 (pul
268 2768 390 2838 gutture
417 2760 515 2824 editur
537 2763 575 2824 ab
604 2780 641 2825 eu
664 2780 754 2841 quem
774 2761 899 2824 verbum
922 2767 1092 2842 σφαραγεῖυ
1113 2781 1172 2825 ex-

100 2861 190 2935 imit3
213 2876 343 2937 namque
364 2875 426 2920 nen
447 2861 546 2922 minus
567 2860 708 2940 dispares
731 2876 828 2921 sunus
850 2861 948 2921 Latini
969 2876 1030 2921 unu
1049 2861 1172 2921 numine

102 2975 212 3018 terimur
240 2957 484 3035 ctrrnpleetnntur
514 2966 544 3021 et
570 2961 600 3020 in
630 2960 774 3020 universe
802 2958 861 3019 hue
889 2957 1037 3018 imitativa
1059 2970 1172 3032 genere

100 3063 154 3117 rtet
177 3055 313 3117 Graecus
335 3055 562 3138 Romanusque,
588 3074 680 3135 quum
700 3056 845 3116 infinitam
867 3053 1048 3115 naturalium
1072 3068 1172 3115 sune-

99 3171 135 3215 im
157 3155 336 3215 uarietatem
357 3152 503 3214 imitando
527 3155 676 3232 consequi
697 3169 760 3216 neu
782 3158 929 3233 possent,
950 3152 1045 3214 multa
1066 3152 1173 3232 speeie

101 3252 207 3330 spuria
235 3250 412 3330 appellasse
439 3251 587 3313 similiter.
631 3252 696 3348 lieo
717 3269 790 3314 reru
811 3253 946 3330 reiieium
968 3269 1074 3313 eorum
1096 3267 1173 3313 sen-

102 3353 212 3429 liliam,
236 3352 285 3428 qui
304 3343 485 3428 ἀσφάραγος
507 3352 552 3411 sic
575 3357 606 3410 ul
628 3345 749 3429 φάραγξ
772 3358 801 3411 el
823 3345 943 3429 φάρυγξ
965 3351 1173 3427 interpretan-

99 3467 118 3510 r
148 3450 304 3527 fissuram,
334 3448 476 3526 illamque
506 3448 636 3509 sonandi
659 3448 912 3526 significationem
934 3461 996 3505 nun
1018 3444 1173 3523 propriam

98 3563 170 3625 eque
192 3547 324 3606 nativum
347 3545 402 3607 sed
431 3563 448 3607 a
472 3551 594 3625 gutture
618 3546 795 3606 translatam
819 3552 870 3607 aut
890 3545 981 3606 etium
1002 3540 1041 3605 ad
1062 3541 1174 3603 hernu-

98 3660 194 3724 pmum
222 3642 373 3722 ‹liuddam
403 3643 593 3705 referendum
622 3650 759 3704 censent.
810 3643 871 3706 Sed
904 3641 987 3703 nulla
1019 3642 1098 3702 ratiu
1127 3645 1175 3701 est

98 3760 126 3804 rr
152 3741 230 3803 idern
253 3750 424 3804 statuamus
448 3741 484 3803 de
506 3742 600 3804 verbo
623 3742 797 3821 σμαραγεῐν,
821 3739 858 3802 de
880 3756 941 3818 qua
963 3740 1028 3802 ΕΜ.
1044 3737 1175 3818 720,51.

98 3840 232 3904 tSclrul.
261 3840 343 3918 Lips.
372 3840 403 3902 ll.
433 3841 468 3903 ll.
489 3839 558 3903 463.
586 3839 663 3901 haee
692 3838 867 3901 disserunt:
907 3840 1056 3917 σμαγαγεῖ
1080 3839 1179 3915 ψοφεῖ

97 3935 137 4001 ιιὸ
158 3940 215 4000 τοῦ
236 3935 407 4018 σμάραγος·
442 3938 535 4000 τοῦτο
556 3933 693 4014 δὲπαρά
714 3930 750 3997 τὸ
772 3931 954 4014 σπαράσσω·
983 3934 1097 4014 κυρίως
1117 3927 1177 4014 γάρ

97 4035 230 4116 ιιάραγος
260 4031 278 4098 ὁ
306 4032 367 4099 άπὸ
393 4037 576 4118 σπαραγμοῦ
604 4026 685 4116 ἦχος.
726 4029 814 4095 Ἔστι
840 4029 873 4096 δὲ
899 4032 953 4097 καὶ
978 4031 1082 4112 ἕτερον
1103 4046 1177 4113 σμα·

97 4137 160 4215 αγώ
188 4130 225 4196 τὸ
246 4131 364 4214 λάμπω,
393 4131 424 4209 ἐξ
445 4124 484 4198 οὗ
511 4129 702 4215 σμάραγδος,
735 4128 820 4214 παρὰ
844 4127 880 4197 τὸ
907 4135 1006 4216 palpat
1026 4128 1177 4198 καὶκατὰ
