2648 4756
92 296 142 363 es
374 236 388 265 ⁵
452 288 777 356 urssnnrnrro
807 288 842 353 n.

97 470 128 527 et
148 455 249 542 φαλός
269 454 389 522 lucidus
418 461 448 518 et
477 450 562 537 φάλη
588 455 655 518 sire
682 448 821 536 φάλαινα
842 450 976 536 papilio,
1004 453 1112 518 italico
1132 454 1206 536 [or-

96 560 228 642 [alloa
248 556 354 619 rolatn
376 553 496 635 trepido
519 560 549 617 et
574 554 746 634 crispante,
775 569 865 632 quem
887 549 1025 615 declarat
1047 554 1203 634 epitheton

98 652 321 738 παιφάσσουσα
341 651 479 736 φάλαινα
499 653 565 717 Nic.
586 651 674 714 Ther.
688 651 758 714 760.
780 653 818 714 cl.
832 652 950 732 blenag.
965 652 1083 731 origin.
1096 670 1124 732 p.
1139 654 1203 718 557.

98 764 130 821 et
151 756 247 819 uerba
268 754 379 837 quibus
402 752 562 816 oculorum
584 751 712 813 nictatio
735 751 897 829 omnisque
919 756 1022 813 motus
1045 750 1207 815 creberet

98 871 250 919 coruscus
279 852 458 932 exprimitur
484 844 679 931 παμφαλάω,
707 843 885 929 παιφάσσω,
927 848 1106 930 Eademque
1129 867 1208 914 con-

99 970 180 1017 sona
209 953 301 1016 etiam
329 949 369 1013 ad
395 964 554 1030 paragoge
581 948 692 1010 transit
719 943 854 1024 σαλεόω,
875 942 1037 1027 emmae,
1059 946 1207 1029 σκαλεύει,

98 1045 259 1126 ναλόσσω,
282 1056 398 1112 elnon
418 1063 488 1110 rare
509 1063 578 1109 enm
600 1046 648 1110 bis
669 1048 815 1109 nascitur.
858 1046 905 1109 lta
925 1063 943 1109 a
962 1042 1053 1109 σπάα
1074 1065 1209 1129 proces-

100 1151 142 1213 oit
162 1145 333 1231 σφαλάσσο
356 1162 477 1228 pungo,
504 1144 584 1209 unde
605 1140 728 1225 σοάλαξ
750 1146 840 1224 spina
862 1153 954 1208 acuta
975 1152 1005 1209 et
1027 1138 1210 1222 άσπάλαθος

99 1241 185 1327 παρὰ
210 1240 247 1310 τὸ
268 1246 336 1309 suoi
363 1245 429 1310 ΕΜ.
455 1242 649 1325 indidemque
676 1239 859 1321 σπαλόσσω,
889 1249 979 1323 enjus
1003 1262 1208 1326 synonymum

100 1342 269 1427 σπαράσσει
297 1363 316 1407 a
344 1337 609 1424 primitivonum)
632 1339 791 1405 diremtum
813 1350 862 1406 est
882 1344 1072 1424 interpositu
1093 1347 1208 1409 lernae
1244 1420 1248 1427 ¹

101 1444 305 1512 secundariae
326 1441 455 1520 σπαάια.
497 1440 604 1520 Neque
618 1456 681 1502 non
696 1441 842 1505 credibile
852 1442 972 1506 videtur
984 1443 1089 1506 verbis
1103 1440 1208 1507 πάλλον

101 1548 133 1605 et
153 1537 302 1605 παλάσσω
323 1545 550 1621 praestructum
572 1555 645 1602 esse
665 1535 735 1602 πάω
756 1540 787 1604 id
809 1547 859 1603 est
877 1541 975 1617 παίω,
998 1544 1089 1620 enjus
1110 1544 1210 1622 signi-

102 1639 205 1703 lioatio
221 1638 343 1720 duplex,
361 1654 423 1700 una
436 1637 597 1702 transitiva
612 1638 767 1722 tundendi,
787 1639 887 1703 altera
901 1638 1050 1702 neutralis
1063 1640 1209 1724 irruendi,

105 1744 138 1801 nt
157 1737 322 1817 Lycopbro
345 1734 421 1798 dlxlt
434 1733 477 1808 εἰς
490 1728 591 1819 άοιιυν
603 1733 741 1819 ἐμπαίει7
755 1731 878 1819 βρόχων
893 1755 921 1802 u.
932 1737 999 1802 104.
1042 1737 1209 1819 Utramque

105 1851 180 1900 vero
198 1833 425 1898 babetverburn
440 1831 625 1917 derivatnm3
648 1837 778 1900 activam
791 1836 822 1898 in
834 1835 950 1902 Gallim.
964 1835 1030 1900 Del.
1042 1835 1091 1902 78.
1110 1829 1209 1901 Ἀσω-

101 1929 161 2008 πός
181 1929 354 1998 πεπάλακτο
375 1934 517 2020 κεραυνῷ
538 1933 569 1997 id
588 1941 636 1998 est
649 1930 827 2016 ἐπέπληκτο,
849 1933 977 1998 alteram
991 1935 1023 1996 in
1040 1934 1133 2001 Titne.
1147 1938 1208 2002 Vll.

102 2032 154 2115 84,
170 2032 198 2097 3.
225 2029 294 2114 περὶ
313 2038 378 2108 τοῖς
398 2031 553 2112 δορατίοις
572 2029 625 2096 καὶ
646 2027 787 2098 σκεύεσιν
806 2026 1087 2113 ἐμπαλασσόμενοι8
1108 2035 1139 2099 id
1161 2045 1210 2102 est

103 2125 298 2210 ἐμπίπτοντες
319 2138 352 2194 ιιι
374 2130 487 2195 suidas
509 2147 548 2195 on
568 2130 597 2194 b.
617 2130 637 2194 l.
658 2132 887 2211 interpretatur,
909 2129 1040 2209 aliisque
1061 2131 1142 2198 locis
1157 2135 1209 2197 ubi

103 2243 178 2292 aves
200 2230 367 2310 piscesque
387 2235 452 2304 τοῖς
473 2224 609 2302 δικτύοις
628 2223 876 2309 ἐμπαλάσοεσθαι
905 2228 955 2292 vel
980 2224 1210 2309 ἐμπλάσσεσθαι

103 2323 165 2388 boe
186 2334 236 2390 est
255 2328 381 2408 impingi
404 2328 563 2407 dicuntur;
598 2343 667 2390 narn
688 2322 837 2389 παλάσσο
860 2334 890 2390 el
910 2323 1037 2390 κλάσσο
1058 2327 1139 2393 idem
1162 2338 1211 2395 est

103 2424 230 2488 uerbum
251 2431 284 2488 nl
303 2422 449 2506 ταράσσον
471 2433 502 2490 et
522 2421 668 2506 θράσσοι,
694 2442 752 2488 nec
775 2425 928 2488 diversum
948 2421 1077 2508 πλήσσα
1096 2427 1129 2489 in
1149 2428 1212 2490 bo-

104 2523 219 2583 merioo
248 2521 320 2584 loco
343 2519 420 2586 ὅταν
441 2527 540 2607 κίχλαι
561 2521 642 2605 ἕρκει
668 2519 851 2607 ἐκπλήξασα
879 2524 1014 2588 averbo
1037 2524 1209 2590 berodoteo

102 2613 222 2697 ἕρκεσιν
249 2613 519 2703 ἐμπαλασσόμενοι.
563 2620 651 2698 Quod
678 2628 796 2705 restat,
823 2623 969 2702 Hesycbii
989 2621 1099 2702 glossa
1117 2615 1212 2686 Ἐόα-

103 2710 204 2797 λάχθη
227 2711 343 2801 ἐδήχθη
361 2711 498 2784 άπόλεπο
518 2720 626 2782 nescio
643 2736 682 2782 an
696 2720 743 2783 sic
756 2723 915 2802 explanari
927 2723 1040 2803 possit,
1062 2738 1100 2784 en
1114 2723 1211 2786 verbo

106 2811 182 2893 odo,
204 2818 293 2898 cnjus
316 2824 365 2880 est
384 2817 542 2898 multiplex
562 2815 880 2882 metascbernatismns
895 2818 972 2882 dolo
985 2815 1092 2883 δάπτω
1106 2816 1213 2884 δάκνω

106 2906 229 2995 άόάχω,
265 2915 429 2981 conlatum
450 2932 522 2980 esse
542 2911 665 2996 όαλάχοι
688 2923 826 2979 assumto
848 2916 971 2981 lambda
992 2917 1075 2997 qnod
1096 2921 1128 2982 in
1150 2921 1212 2982 alio

107 3011 198 3092 bnjns
217 3011 350 3075 lamiliao
370 3013 465 3076 verbo
485 3006 769 3104 dqllopoe-residel.
800 3014 853 3077 Sic
869 3016 961 3093 igitur
979 3016 1006 3078 si
1021 3033 1084 3079 non
1100 3020 1214 3101 omnia,

107 3110 219 3190 quibus
236 3107 431 3172 Grammatiei
451 3108 602 3192 syllabam
624 3111 663 3172 αλ
681 3112 860 3196 inferciunt,
882 3112 939 3178 sed
959 3112 1107 3199 pleraque
1129 3123 1215 3183 certe

109 3390 203 3447 dicitur
221 3391 255 3448 de
275 3389 403 3460 tripudiis.
445 3388 489 3444 Sic
514 3390 592 3447 edam
609 3391 758 3455 germanica
781 3389 875 3443 bllclea
898 3392 1035 3448 αλλόκοτα
1058 3395 1216 3464 principiam

108 3488 244 3531 commune
261 3473 358 3535 babent
373 3472 446 3525 ωειλ.

173 3581 202 3648 l)
227 3583 368 3649 Ἑμπτιιλιι
387 3576 458 3647 qnod
469 3577 547 3633 codd.
561 3578 676 3632 nonnulli
688 3578 823 3648 praebent,
840 3581 947 3637 verbum
960 3581 1032 3638 idom
1045 3589 1088 3639 est
1099 3597 1216 3641 consona

109 3664 228 3720 ambian
246 3668 359 3717 auctum.

173 3762 203 3829 8)
226 3761 315 3816 Sobol.
333 3763 516 3829 iuterpretatur
535 3757 744 3828 ἐμπλεκόμενοι,
763 3760 833 3829 qnod
851 3777 909 3816 eum
926 3764 973 3818 illo
990 3778 1072 3833 saepe
1093 3780 1214 3821 commu.

108 3845 157 3900 tari
175 3850 262 3912 potest
280 3844 329 3900 sed
347 3860 376 3900 re
394 3844 525 3900 mversnm
542 3843 621 3899 ualet.
656 3842 686 3898 lu
703 3843 807 3902 Aeliani
824 3846 882 3900 loco
903 3861 980 3914 quem
1000 3848 1096 3903 suidas
1115 3865 1138 3903 ε.
1151 3852 1214 3917 ’Ep-

109 3925 295 3992 πλασσόμενον
320 3926 394 3984 alleri
419 3932 475 3986 τοῖς
499 3926 589 3995 φίλοις
611 3923 834 3994 ἐμπαλασσόμενοι
858 3928 1035 3996 ἀπέσφαττον
1056 3931 1157 3990 αὐτοὺς
1181 3931 1216 3990 ὡς

107 4008 268 4076 πολεμίους,
291 4016 319 4064 et
336 4009 513 4076 ἐμπίπτοντες
529 4009 640 4076 intelllgi
659 4016 768 4077 possunt
793 4014 820 4065 et
836 4007 1038 4079 ἐμπλαζόμενα
1061 4016 1214 4080 manuleo,

108 4105 186 4160 qnam
202 4090 420 4158 significationem
437 4092 517 4148 uerbo
536 4090 706 4160 Thucydideo
725 4091 814 4148 tribuit
834 4092 884 4148 llio
903 4091 1019 4151 Cassius.
