2648 4756
165 320 241 397 ilss'
516 318 845 390 D'ISSEBTA'HO
878 322 916 391 11.

166 478 284 560 eipiunt
306 472 379 554 quin
398 474 549 536 uueentus
570 470 714 537 omnihus
735 470 837 554 idem
856 488 927 539 num
948 488 1008 556 pre
1029 473 1208 556 Δροργλλον
1226 491 1273 555 up.

167 572 326 641 Demesti.
341 571 519 651 Stephanus
541 577 820 651 prepurexptounn
841 572 979 653 praeiet
1008 573 1142 638 Tantum
1159 572 1198 638 de
1211 573 1275 637 ier-

167 676 303 745 natione
326 677 357 735 et
378 676 526 749 necentu3
564 668 649 751 quud
669 671 819 752 sequitur,
840 670 881 735 uu
900 672 1158 751 sipniieutiunem
1180 673 1276 752 perti-

169 782 233 843 net.
265 769 444 839 Seiofiustu
463 767 606 863 ansii
628 783 657 847 p.
669 767 742 833 851.
764 761 896 848 einen,
917 770 1024 851 innuit,
1044 770 1110 833 τῶν
1126 763 1278 851 ὑποκορι-

170 874 285 939 οτιιιῶν
296 864 394 941 enixos
406 865 449 943 tls
461 869 525 944 λοι,
545 860 693 941 ναύτιλος
703 866 789 950 (siut
815 869 962 933 Matthiae
973 870 1005 931 in
1019 866 1151 933 Grumm.
1165 876 1197 942 s.
1214 869 1278 933 101.

170 972 249 1041 ndu.
275 970 305 1037 3.
332 985 363 1049 p.
384 964 455 1031 276.
485 964 538 1027 ubi
565 962 821 1031 deminutiverum
849 967 963 1046 tigerus
992 969 1096 1031 verius
1124 968 1279 1045 edisserit,

170 1073 263 1152 nutus
284 1081 409 1150 quoque
424 1062 650 1128 terminationis
663 1064 798 1129 meminit
819 1066 850 1129 in
864 1064 1036 1145 exemptum
1047 1065 1183 1129 efferens
1201 1068 1277 1129 Χοι-

171 1170 271 1252 ρλλορ,
305 1163 458 1245 Τρωίλος,
488 1158 661 1241 Πραξίλλα,
694 1164 887 1238 Τιλεοίλλα,9
915 1162 1123 1243 οοοο11ιιςίοο
1145 1161 1185 1229 tie
1206 1165 1279 1229 Aee.

172 1288 203 1352 p.
227 1267 295 1335 181.
323 1263 407 1329 audit
434 1259 595 1339 ναυτίλος,
622 1264 777 1343 τροχίλος,
805 1261 956 1343 ponpam
980 1269 1040 1327 eto.
1079 1264 1124 1325 nt
1153 1264 1184 1326 si
1209 1263 1278 1343 quis

173 1369 315 1452 pressius
334 1365 432 1427 instet
451 1360 683 1441 interrogetque
704 1361 827 1425 ubinam
847 1361 991 1434 ναυτίλος
1010 1376 1141 1440 paruum
1155 1366 1277 1424 nautam

173 1465 325 1547 significet
352 1459 402 1524 uei
427 1456 562 1539 ροιρλος
589 1460 759 1539 petentium
786 1467 818 1523 et
844 1466 951 1523 uetere
974 1474 1056 1539 quae
1084 1458 1183 1523 uiiutn
1209 1466 1279 1523 sunt

173 1582 247 1639 nnm
273 1580 293 1627 u
313 1560 476 1643 primitivis
498 1560 565 1623 suis
587 1558 617 1622 id
638 1557 779 1623 differunt
798 1557 882 1638 qued
910 1556 1030 1637 ulupis
1051 1555 1194 1639 lapillus,
1224 1576 1280 1621 ue-

173 1682 247 1733 reor
267 1659 339 1742 quid
363 1656 548 1738 responderi
568 1658 681 1737 pessit.
720 1657 768 1719 Ae
787 1656 882 1719 muita
901 1656 1023 1719 illorum
1043 1671 1083 1720 ne
1104 1672 1124 1719 n
1145 1657 1280 1719 nemini-

173 1764 234 1834 οτι
255 1756 377 1839 quidem
398 1754 491 1819 dueta
513 1760 594 1819 sunt.
627 1750 767 1837 Ἀρνιιλοι
785 1747 825 1819 τὰ
842 1754 908 1817 τῶν
925 1749 1049 1832 ἄροτον
1060 1747 1176 1834 vium
1192 1754 1278 1817 iiust

173 1878 204 1945 p.
227 1856 317 1939 1535,
338 1853 387 1921 10.
410 1870 440 1934 p.
462 1852 553 1936 1625,
573 1853 623 1919 tu.
647 1853 785 1933 speeiem
805 1850 927 1932 quidem
954 1851 1084 1931 praehet
1109 1852 1160 1916 uei
1180 1851 1280 1917 deuni-

173 1959 298 2027 nutirue
319 1952 487 2033 potestatis
508 1950 567 2033 uei,
583 1967 663 2032 quse
683 1951 755 2014 huie
775 1951 926 2032 proximu,
947 1951 1197 2031 patronymicum
1225 1949 1280 2015 sed

175 2073 232 2141 pru
260 2053 315 2117 iliu
342 2052 375 2115 in
399 2048 477 2113 uoti
497 2049 531 2113 i.
555 2050 602 2113 15.
634 2043 780 2127 ἄρντολοι
808 2057 840 2113 et
863 2041 1011 2128 ἀρκούλοι
1035 2048 1184 2127 seriptum
1211 2054 1278 2125 est;

172 2150 304 2235 ἄρκηλοι
332 2147 383 2212 uei
409 2139 538 2228 ἀρκῆλοι
562 2146 682 2212 Aelium.
710 2147 747 2213 ii
767 2150 824 2211 An.
847 2147 906 2211 vil.
927 2147 977 2211 tr.
1003 2147 1075 2211 Atiu
1097 2147 1132 2211 V.
1152 2144 1223 2211 201.
1244 2146 1276 2211 C.

173 2270 238 2335 quo
265 2251 401 2314 tortasse
422 2244 577 2309 diversum
596 2244 730 2309 ierurum
749 2262 848 2324 genus
869 2245 1077 2325 significatum
1103 2244 1279 2323 Hesychius

174 2348 293 2433 ἄρκηλοι
313 2346 468 2427 hystrices
489 2343 638 2424 appellari
658 2342 751 2407 trudit
770 2360 788 2405 u
809 2343 963 2411 Cretibus.
994 2343 1083 2420 Quod
1100 2358 1175 2409 vero
1195 2343 1280 2407 Cun-

176 2449 283 2517 uuules
304 2444 400 2523 iiprsi
426 2442 507 2507 iiius
534 2458 554 2505 u
575 2440 702 2505 Grueuis
722 2440 868 2519 iiprsitus
896 2444 964 2507 sive
984 2442 1126 2522 iiyrtiius
1147 2449 1279 2505 vecutus

175 2556 235 2629 est,
254 2562 293 2610 eu
315 2539 476 2606 minusad
497 2538 712 2620 probationem
733 2540 854 2603 uenient
875 2558 937 2621 que
959 2540 1063 2622 piures
1085 2540 1146 2605 noe
1166 2555 1280 2605 nomen

174 2647 340 2729 gesseruut
360 2638 492 2701 diversis
513 2637 573 2699 orti
587 2637 766 2717 perentibus
783 2652 811 2701 ν.
824 2638 956 2704 iieinei.
969 2640 1145 2704 ilistcom.
1164 2654 1194 2719 p.
1210 2640 1279 2703 100.

173 2742 299 2809 iueubs.
328 2738 367 2803 ud
394 2736 538 2801 Piniiustr.
567 2751 597 2814 p.
619 2734 690 2800 030.
718 2751 755 2800 nn
784 2737 812 2799 si
840 2752 947 2801 uerum
973 2738 1131 2818 estquod
1158 2738 1280 2804 Cernes

176 2843 280 2925 sumit
304 2837 494 2905 Strabonem
515 2832 564 2897 lv.
584 2830 655 2901 033.
676 2849 733 2914 pru
756 2833 922 2916 livinitus
940 2832 1040 2911 νόθος
1059 2831 1129 2910 υἱὸς
1149 2832 1281 2915 Κόδρου

174 2976 217 2991 -—
237 2938 406 3020 scripsisse
426 2926 591 3011 Κοορύλος
620 2926 818 3011 ἢΚοὸρῑλος
844 2929 989 3015 καθάπερ
1014 2938 1179 3015 Μυρρῑςρς
1204 2932 1280 3001 ἐρα.

174 3042 256 3103 λοῑτο
276 3030 295 3100 ὁ
316 3028 504 3113 Κανὸαύλης
524 3022 588 3093 niet
607 3029 666 3092 τοῦ
685 3026 802 3109 πατρὸς
820 3027 961 3112 Μύρσου
982 3033 1021 3097 ud
1042 3035 1145 3100 strab.
1167 3053 1197 3116 p.
1208 3035 1279 3101 287.

174 3136 278 3201 itaet.
300 3133 333 3197 Τ.
354 3131 403 3195 111.
422 3129 473 3194 32.
492 3129 554 3192 hoe
575 3144 687 3193 nomen
710 3137 797 3195 eerte
816 3147 880 3195 nen
900 3131 982 3197 idem
1001 3133 1085 3197 uniet
1102 3133 1186 3215 quod
1208 3136 1281 3197 Ko-

165 3230 291 3314 uptenn.
337 3227 400 3293 Sed
427 3231 638 3307 eontenturum
663 3227 813 3293 insertum
839 3227 940 3295 rendit
966 3247 1078 3312 megnu
1104 3234 1280 3315 scripturus

177 3329 342 3395 diversitas
362 3324 454 3389 Puus.
475 3324 537 3409 vii.
559 3324 588 3406 2,
609 3325 638 3388 7.

259 3458 339 3534 §.2
379 3455 533 3522 mundius
557 3473 586 3536 p.
608 3454 659 3520 53.
684 3450 725 3518 τὰ
749 3451 787 3519 τὸ
811 3464 828 3520 ῑ
848 3454 1047 3542 ἐκτεταμένον
1071 3457 1181 3543 ἔχοντα
1198 3482 1280 3545 προ-

175 3555 381 3642 ιρροξώνεται
400 3555 428 3619 sl
446 3548 489 3639 μὴ
509 3547 531 3638 ἡ
551 3553 637 3636 τρίτη
657 3548 720 3634 ἔχοι
746 3548 784 3618 τὸ
811 3554 835 3619 ἆ
862 3546 902 3621 οὗ
921 3554 1124 3641 προκατάρχει
1143 3555 1281 3642 σύμφω-

174 3676 251 3723 νον·
288 3650 448 3738 στρόβιλος
469 3645 550 3727 εἷδος
569 3644 739 3735 ὀρχήσεως,
766 3651 926 3741 οτροβιλὸς
946 3654 980 3722 di
998 3652 1019 3742 ἡ
1040 3653 1203 3741 ουοτροφὴ
1221 3660 1281 3723 τοῦ

239 3899 270 3968 0)
295 3899 436 3957 iisciems
460 3902 488 3954 et
510 3897 580 3954 lmen
602 3896 687 3952 attulit
716 3902 743 3954 et
760 3900 931 3970 Θινχαριλνς
945 3900 1055 3959 iheum.
1074 3901 1109 3957 ii.
1129 3902 1156 3957 7.
1175 3904 1280 3973 quode

175 3980 312 4051 θιοχαρις
327 3982 370 4037 vei
389 3979 531 4048 Θεοχάρρς
544 3985 716 4048 propagatum
736 3994 798 4038 esse
817 3987 923 4052 nequit,
946 3998 1005 4038 nam
1022 3984 1142 4054 Χοιρίλος
1167 3990 1209 4042 est
1232 4002 1279 4056 pro

173 4063 377 4216 {mmm
393 4063 595 4131 bieompnsitum
614 4062 828 4132 Θιοχιιρλλοοςο
843 4068 1034 4125 consuetudine
1046 4068 1177 4126 nbierrnt.
1213 4071 1278 4124 Θεο-
