2648 4756
65 539 149 605 idem
177 555 242 603 non
270 536 373 621 ιειραξ
395 539 496 606 solum
516 541 605 608 allert
633 542 692 608 sed
713 544 805 609 etiam
830 540 934 625 ιειμάε
955 545 989 626 (a
1007 542 1122 628 λειμών
1140 554 1174 615 ut

63 633 179 720 χειμών
198 632 315 720 χαράς)
334 638 491 703 intellaotu
512 638 639 722 eodem;
659 642 763 723 pullus
783 642 973 722 gallinaceus
994 644 1170 711 abiosoor.

63 734 184 813 νάσσαξ
210 735 334 820 dieitur,
360 736 493 817 gallinae
514 738 607 819 vulgo
635 736 797 817 νοσσάδες,
826 740 935 805 oumeli
955 740 1119 808 dromades
1139 745 1172 809 iu

66 834 228 918 Geopouu.
248 829 407 916 δρόμωιες,
426 830 511 909 θύας
531 836 630 917 plaois
648 838 729 903 idem
750 845 804 902 eut
825 839 935 903 similis
955 838 984 902 ei
1005 843 1058 921 qui
1078 841 1172 907 alli-

64 940 137 997 eeta
162 927 247 1009 θύαξ
275 938 405 997 rooatur
431 950 461 995 r.
490 933 538 997 Du
559 934 653 1015 Cang.
681 936 721 999 ab
750 935 820 1001 aliis
841 932 964 1001 odorve.
1006 939 1171 1005 llomerum

63 1037 223 1095 oaementa
233 1030 367 1103 λιθωιας
379 1028 506 1112 dixisse,
527 1030 648 1113 lapides
664 1034 856 1100 miuusoulos
874 1029 1008 1111 aedom
1020 1036 1173 1101 Eustatbii

63 1128 168 1210 opinio
189 1133 258 1192 erat
277 1145 306 1193 ι.
327 1134 358 1203 ς.
378 1127 409 1193 4.
435 1128 493 1193 sed
513 1129 639 1194 eodices
665 1131 721 1194 illo
741 1130 814 1196 loeo
837 1141 1000 1215 utrumque
1020 1132 1172 1215 praebent

62 1242 120 1291 nee
140 1225 286 1291 distinete
304 1224 472 1307 loquuntur
492 1228 681 1311 scriptorem
701 1232 818 1293 Aratus
839 1229 961 1311 quidem
980 1230 1101 1312 lapides
1117 1232 1172 1313 qui

60 1340 154 1388 manu
174 1324 334 1404 luduntur
359 1324 493 1399 ιίθωιας
512 1327 649 1407 appellat
674 1346 702 1393 ι.
726 1327 816 1393 1112
843 1326 1024 1393 Parthenius
1043 1346 1120 1393 vero
1142 1346 1170 1395 o.

59 1420 139 1486 xlll.
159 1428 190 1485 et
210 1421 377 1503 Trypbiod.
398 1422 469 1488 612
488 1420 630 1502 ιιθάδαε,
657 1423 742 1505 lund
763 1425 896 1489 Vossius
918 1427 1009 1491 etiem
1029 1426 1074 1491 illi
1094 1427 1169 1493 red-

61 1516 193 1584 dendum
209 1526 299 1601 nutat
314 1521 542 1587 substantivum
561 1520 655 1599 ιιθαξ
674 1522 822 1587 nouitium
838 1539 910 1587 esse
923 1529 1019 1589 ratus.
1061 1522 1169 1605 Neque

58 1615 195 1681 disoerni
228 1624 334 1699 potest
362 1626 461 1683 utrum
488 1620 646 1685 lresionae
678 1621 815 1701 scriptor
848 1619 957 1684 sellam
990 1620 1169 1687 muliebrem

56 1709 199 1796 dsoodda
224 1719 448 1798 nunouparerit
475 1733 516 1781 un
541 1726 577 1781 ut
603 1719 734 1783 Tbeoor.
761 1726 793 1781 et
818 1719 890 1783 lies.
917 1716 1064 1799 ὁιφρωια.
1104 1717 1169 1796 ΙΡιιι

57 1808 197 1895 dobosa
216 1815 321 1895 grossi
340 1816 452 1879 Atben
471 1815 521 1880 lit
537 1816 587 1882 76.
604 1817 639 1880 ll.
662 1816 768 1881 Critioi
789 1831 829 1879 ex
849 1816 921 1881 iles.
942 1817 1170 1883 substituerunt

58 1907 207 1993 ἐρινῶὅες,
229 1914 279 1977 oui
299 1912 400 1978 simile
420 1918 470 1977 est
489 1907 593 1987 mdo
612 1906 632 1977 ὁ
649 1914 706 1994 τῆς
724 1908 828 1988 ἐλαίας
839 1909 960 1995 καρπός
973 1915 1073 1995 Etym.
1092 1915 1168 1981 Gud.

58 2010 132 2092 trs,
152 2010 203 2077 ³2
224 2016 255 2075 el
275 2006 401 2085 καινάς
419 2010 519 2075 baoea
539 2011 667 2075 oleastri
687 2016 720 2073 ut
740 2011 871 2075 ioasius
892 2019 988 2092 putat.
1024 2011 1170 2097 Δρύακερ

57 2109 228 2175 statumina
252 2111 376 2174 nauium
399 2108 472 2174 lies.
501 2113 533 2171 et
560 2107 669 2173 eodem
694 2108 758 2171 lere
776 2108 936 2172 intellectu
961 2107 1093 2191 ὀρυάὸες
1117 2129 1168 2194 ao.

55 2206 265 2289 Plutarchum,
285 2208 346 2271 nisi
366 2207 416 2271 bie
437 2207 543 2286 potius
563 2202 598 2270 ts
610 2201 756 2289 δρυόχων
774 2205 911 2287 seripsit.
952 2206 1035 2271 lntor
1054 2203 1168 2289 ὁρύαξ

58 2312 92 2371 et
119 2298 142 2387 ἡ
169 2298 249 2383 (lodo
274 2306 406 2369 interest
441 2304 624 2384 permultum
652 2310 686 2367 ut
712 2298 848 2385 μεμβράς
876 2303 1017 2383 pisoiouli
1045 2322 1168 2390 nomen,

55 2398 196 2485 μέρβραξ
216 2418 291 2466 vero
306 2401 433 2466 mendae
454 2402 613 2482 epitheton
635 2419 654 2465 a
674 2401 771 2466 uerbo
784 2396 936 2482 βαβράζω,
959 2410 991 2467 ιιι
1012 2406 1167 2489 suspicor,

56 2503 230 2567 demnatum
251 2499 330 2563 unde
350 2496 539 2581 βαβραᾶόνες
557 2500 624 2563 siue
638 2495 802 2581 βεμβράδες
816 2498 917 2563 diotae
928 2500 1075 2567 videntur.
1104 2503 1167 2569 sed

56 2608 160 2665 utrum
180 2599 259 2663 liaeo
279 2598 433 2662 distinctio
455 2604 605 2679 perpetuo
628 2616 685 2662 usu
707 2597 843 2662 stabilita
863 2613 902 2661 an
924 2597 1052 2664 lortuita
1071 2602 1167 2665 etin-

58 2698 180 2763 terdum
201 2697 340 2776 neglectu
361 2697 412 2778 sit,
433 2697 463 2760 in
484 2698 603 2760 inserto
625 2695 806 2760 babendum.

143 2801 174 2870 §-
194 2794 223 2859 6.
264 2793 372 2875 noque
400 2795 494 2858 oebra
521 2802 568 2858 est
595 2795 841 2858 terminatiouum
868 2780 910 2865 οἷς
925 2799 956 2855 οι
974 2778 1006 2867 ῖς
1026 2810 1168 2857 eommu-

58 2894 150 2975 tatio‚
170 2908 227 2973 par
240 2891 434 2956 librariorum
448 2891 624 2972 diffidentia,
646 2907 709 2954 non
729 2894 828 2969 major
849 2890 948 2951 nostri
965 2890 1072 2967 judieii
1087 2890 1168 2951 lidu-

56 2993 117 3057 eia
160 2990 255 3070 Cujus
283 2990 327 3051 rei
355 2990 496 3070 exempla
522 2990 569 3053 sio
597 2986 748 3052 ordinabo
776 2992 809 3049 ut
838 3001 952 3066 sequar
973 2986 1168 3065 partitionem

56 3104 121 3171 qua
150 3088 183 3151 in
209 3089 355 3165 ingressu
382 3087 473 3167 bujus
502 3088 656 3151 sermonis
684 3100 761 3149 usus
783 3101 859 3148 sum.
900 3084 934 3148 lu
957 3085 1055 3164 primo
1077 3084 1168 3163 igitur

55 3202 174 3268 genere
187 3184 356 3249 verbalium
373 3183 419 3264 (s.
435 3185 460 3248 1.
475 3185 501 3264 l)
519 3191 585 3248 erat
596 3179 710 3260 ulmus,
727 3198 789 3263 quo
804 3183 926 3246 nomine
940 3180 1053 3246 Suidas
1068 3183 1168 3253 avium

56 3284 198 3366 speeiem
219 3282 384 3359 signilloari
406 3282 499 3346 trudit
519 3281 674 3346 natatilem
693 3287 727 3345 ut
747 3278 886 3356 videtur3
908 3287 939 3342 at
959 3278 1087 3352 nimidas
1108 3296 1168 3343 vo-

56 3388 170 3449 oantur
190 3379 418 3461 Stymphalides
434 3379 537 3444 itidem
561 3378 723 3442 enatando
738 3384 771 3440 ut
787 3375 891 3441 Sebol.
904 3375 1007 3454 apoll.
1019 3374 1055 3439 ll.
1076 3374 1166 3439 1057.

56 3483 112 3545 ait.
134 3480 238 3543 iinon
251 3479 337 3558 puris
346 3479 399 3558 (ll)
411 3476 518 3551 dunois
532 3469 645 3556 ὀρνέου
657 3469 737 3548 εἶδος
746 3474 818 3537 lles.
830 3470 913 3552 quod
927 3487 1025 3548 genus
1041 3471 1167 3534 abesto

58 3580 185 3643 dueuoe
205 3579 381 3639 nominatur
402 3582 434 3638 et
446 3576 547 3639 uersis
562 3574 681 3637 vieibus
704 3590 722 3635 a
736 3569 905 3635 Columella
918 3568 1073 3648 besoldus,
1090 3584 1168 3647 quas

58 3677 172 3742 Graeoi
192 3669 341 3757 βοσκάδες
354 3672 468 3755 dieunt,
488 3672 629 3752 idemque
645 3671 688 3732 illi
703 3669 788 3732 reddi
807 3669 903 3748 jussit
924 3667 959 3730 H.
976 3664 1168 3744 Stephanus3

56 3775 158 3847 κλινις
175 3774 206 3837 iu
227 3788 289 3835 uno
305 3769 512 3834 Cratiniloeo
535 3770 646 3832 laetum
669 3767 865 3830 triolrniarem
879 3763 1039 3843 signifieat,
1063 3754 1169 3833 κιιυάς

57 3877 93 3938 in
116 3872 178 3934 alio
199 3868 326 3934 Eusebil
347 3867 455 3931 sellam
477 3867 628 3943 eurulem3
649 3859 750 3937 τύποις
769 3864 865 3927 semel
878 3862 990 3941 legitur
1003 3860 1035 3921 in
1051 3858 1168 3937 Fragm.

61 3967 250 4051 Sophoclis,
270 3966 358 4040 τυπίς
380 3966 516 4049 saepius,
539 3979 637 4045 eaque
659 3968 810 4025 consueta
831 3966 880 4022 est
899 3960 1170 4021 instrumentorum

61 4068 233 4151 appellatio
254 4064 374 4147 γλυφίς,
396 4063 520 4145 roarolo,
542 4060 656 4143 ῥαφίς,
677 4059 800 4141 ouante,
822 4056 951 4139 σφαγίς,
974 4053 1052 4134 ξοΐς,
1075 4054 1169 4137 doute,

59 4164 157 4249 βολίς,
177 4164 274 4245 sonte,
295 4163 391 4243 τομις,
413 4178 542 4242 quorum
563 4158 711 4225 nonnulla
732 4155 899 4222 adbaerent
914 4156 1093 4221 masculinis
1111 4175 1170 4225 xo-

100 4280 208 4328 natael.
225 4278 360 4340 Palliolum.
925 4251 966 4317 29
