2648 4756
104 231 152 297 26
467 214 790 286 nissuuutulo
820 215 870 278 1.·

105 389 164 458 κὸν
190 386 290 470 ὄνομα
316 391 381 462 τοῖς
407 381 496 464 ζώοις
524 376 796 464 άπαιληράσαντο,
832 373 888 442 τὸν
910 372 967 459 μὲν
994 370 1115 456 άρσενα
1142 371 1210 459 ὄφιν

106 485 183 572 ὄφιν
202 480 371 569 ἀρσενικῶς
391 478 615 566 ὀνομάσαντες,
649 476 706 543 τὸν
732 475 767 542 δὲ
791 479 895 560 θῆλυν
922 472 1049 557 ἑγιὸναν
1070 476 1211 557 θηλυκῶς
1255 496 1257 501 ·

105 585 158 652 καὶ
179 580 236 648 τὸν
253 580 310 665 μὲν
330 581 445 665 ἄρσενα
465 578 638 662 ἄνθρωπον
659 571 827 658 ἀρσενικῶς
846 571 955 656 ἄνδρα,
976 568 1035 636 τὸν
1058 569 1094 636 δὲ
1115 575 1206 656 diple

106 688 249 767 γυναῖκα,
272 690 305 745 ut
326 687 437 746 oir-
397 682 580 744 -molien
625 676 688 742 Sed
707 676 782 740 illud
803 693 867 739 nou
887 676 984 754 magis
1006 673 1106 736 lixum
1127 689 1209 754 quaro

107 782 191 866 quod
218 788 341 864 praeter
362 783 441 844 alios
462 780 647 857 Antigonus
660 775 752 839 tradit
780 790 806 839 e.
827 773 942 837 xxvu.
963 773 1029 834 τῶν
1053 765 1212 834 ἀλινόνωι

107 879 182 948 οἱ”
161 898 285 964 αρσενες
309 875 439 962 κηρύλοι
465 872 616 994 λέγονται,
646 883 677 938 ει
706 872 864 938 senatu
885 869 1042 935 1111385.
1075 863 1210 952 ὁάρρἠν

106 979 215 1065 ι1ε1ρ1ν
240 977 356 1060 λέγεται
382 970 543 1058 αρνευτηρ.
570 975 605 1037 ln
618 970 849 1053 quadrupedum
862 986 936 1031 vero
951 970 1134 1034 nominibus
1147 985 1211 1032 ere·

107 1083 164 1146 bra
192 1086 242 1145 esl
271 1079 349 1141 haee
377 1074 509 1138 diastole
535 1068 653 1153 κάπρος
672 1066 691 1133 ὃ
712 1063 790 1152 πρὸς
809 1064 939 1150 θηλειαν
962 1068 1023 1129 σῦν
1045 1062 1209 1132 amovete

106 1201 199 1261 μενος
219 1179 306 1242 Eusl
319 1174 391 1255 815,
406 1174 452 1237 12.
473 1173 645 1252 ταῦρος-
604 1170 735 1250 -βοῦς
760 1186 789 1249 p.
806 1166 894 1249 1025,
908 1167 956 1230 41
978 1161 1154 1248 τράγος-
1166 1165 1208 1241 ui}

108 1280 179 1344 son.
202 1277 332 1340 Theoor.
353 1273 374 1335 1.
395 1271 424 1335 6.
453 1266 593 1350 κάπρους
615 1266 687 1341 σύες
713 1264 767 1330 καὶ
792 1260 925 1347 τράγους
944 1258 1026 1345 αἶγες
1048 1262 1210 1348 ἐπάγονται

108 1374 259 1439 Plutarolr.
283 1369 376 1450 Gryll
398 1363 1209 1444 1111220.11111111111113οἱοιίΙίαΙιιίιιοταιιιιιι

109 1510 150 1520 -
169 1489 284 1549 ooeoo,
307 1467 429 1532 toedio
442 1502 482 1512 —
496 1484 596 1547 oopro
617 1471 675 1528 eto.
717 1463 784 1526 Et
776 1478 808 1525 m
830 1461 992 1525 vocabulis
1013 1464 1210 1542 affinitatum,

109 1588 188 1653 quae
209 1552 319 1631 natura
347 1572 377 1629 et
399 1564 638 1645 significatione,
669 1578 733 1625 non
760 1563 852 1625 otiam
879 1577 957 1624 uoee
984 1561 1120 1625 mobilia
1138 1567 1210 1640 sunt,

108 1664 199 1740 πόσις
209 1700 252 1711 -
266 1658 383 1745 δάμαρ,
405 1658 530 1736 πάππος
541 1696 582 1708 -
594 1657 693 1743 τήθη,
713 1655 782 1732 υἱός
796 1694 837 1704 -
850 1655 1002 1741 θυγάτηρ,
1025 1656 1166 1743 γαμβρός
1177 1693 1210 1705 -

110 1806 149 1816 -
165 1760 256 1836 νοός,
278 1757 359 1843 dario
372 1796 414 1806 -
428 1759 544 1842 γάιος,
573 1777 653 1841 quae
674 1758 855 1824 Eustatlrius
876 1775 906 1838 p.
923 1757 993 1821 361.
1015 1752 1211 1838 &spondium

111 1862 266 1944 appellata
279 1859 362 1942 dioit,
376 1859 497 1937 aliaque
510 1860 548 1921 ab
557 1859 695 1922 Helladio
712 1854 1060 1921 memorataPlrot.Cod.
1069 1855 1207 1938 maadi

109 1964 166 2025 τοῦ
194 1953 308 2037 ἀνδρὸς
335 1952 390 2020 τὸν
419 1951 555 2038 ἀδελφὸν
583 1951 677 2035 ὁαέρα
704 1957 849 2032 καλοῦσι,
879 1950 938 2037 τὴν
959 1951 992 2016 δὲ
1013 1949 1158 2036 άδελφην
1175 1945 1208 2015 οὐ

110 2055 236 2137 δάειραν
256 2050 333 2118 ἀλλὰ
353 2050 450 2135 γάλον
469 2056 542 2135 (sle)
571 2052 624 2118 καὶ
644 2058 734 2117 θεῖον
753 2051 810 2136 μὲν
829 2049 886 2117 τὸν
905 2055 963 2117 τοῦ
983 2046 1106 2131 πατρὸς
1127 2046 1209 2115 dist.

110 2153 188 2238 φόν,
216 2149 320 2219 οὐκέτι
348 2149 382 2216 δὲ
408 2153 499 2216 θείαν
524 2148 560 2218 τὸ
581 2155 667 2235 θῆλυ
687 2146 766 2216 ἀλλὰ
784 2153 906 2236 τηθίδα.
954 2153 1010 2216 His
1033 2169 1118 2232 quae
1140 2168 1210 2215 con·

112 2257 237 2320 veniunt
262 2256 294 2317 in
321 2252 420 2316 altero
449 2269 592 2316 sermone
613 2252 791 2317 Priscianus
813 2258 970 2316 enumerat
990 2250 1065 2314 loeo
1090 2251 1210 2331 proprio

112 2353 270 2418 1111111.
293 2352 345 2431 qni
367 2356 416 2413 est
437 2348 475 2411 de
496 2351 646 2412 motione:
667 2351 913 2430 freter-soror,
931 2353 1210 2431 patruos-omito,

112 2450 527 2524 avunculos-molertoro;
549 2455 612 2512 tum
626 2449 735 2513 deinde
749 2451 824 2516 Vlll.
841 2451 888 2532 10,
904 2451 953 2513 57.
976 2448 1213 2531 (11011111-

113 2551 172 2613 lert
199 2563 268 2610 eum
295 2546 449 2629 inaequali
476 2546 681 2611 declinatione
709 2551 863 2612 nominum
892 2553 923 2611 et
944 2548 1112 2612 verborum
1138 2565 1213 2628 epo-

112 2649 184 2727 met‘,
205 2647 380 2726 sero-tuli,
403 2652 435 2710 et
456 2661 525 2708 enm
546 2645 713 2709 collatione
731 2645 951 2725 adjectivomm
965 2645 1214 2712 donata-melior

113 2752 172 2810 eto.
207 2744 466 2821 Quemadmodum
492 2744 585 2824 igitur
613 2745 643 2806 in
665 2745 883 2824 personalibus
910 2744 1062 2826 quaedam
1091 2745 1215 2809 hetero-

113 2845 187 2909 elita
207 2850 357 2907 uooantnr
377 2839 461 2906 ἔνθα
481 2839 616 2924 ἔφαγον,
645 2837 731 2923 φέρω
753 2843 846 2921 olom,
869 2850 910 2925 et,
931 2860 1011 2924 quae
1031 2844 1216 2924 Apollonius

115 2941 154 3007 do
179 2941 270 3005 Pron.
300 2958 329 3021 p.
360 2941 406 3005 ll.
434 2942 482 3004 liis
512 2940 708 3022 aequiparat,
741 2942 773 3004 in
807 2943 984 3007 oasualibus
1018 2941 1216 3023 hetaroptota

114 3035 202 3117 ὕδωρ
230 3034 361 3112 ὕδατος,
393 3040 441 3103 sio
467 3038 541 3101 illud
561 3040 767 3118 imparilitatis
787 3055 885 3119 genus
908 3047 938 3104 et
960 3041 987 3103 si
1009 3040 1083 3120 qnid
1109 3041 1215 3107 eodem

115 3136 215 3215 vergit
230 3136 596 3215 heteronymiaonomine
608 3139 722 3218 signari
738 3144 858 3217 potest:
880 3134 1006 3219 Λάγνος
1025 3132 1117 3221 ἀνήρ,
1138 3135 1217 3222 γυνη

115 3229 150 3298 dd
168 3227 284 3314 μαχλάς
304 3232 497 3314 Moschopul.
517 3234 595 3298 Diot.
615 3236 678 3299 1111.
700 3227 827 3316 ἀσελγής
848 3232 898 3300 ἐπὶ
919 3230 1094 3320 ἀρσενικοῦ,
1117 3235 1169 3302 ἐπὶ
1185 3235 1218 3302 δὲ

115 3330 174 3395 τοῦ
198 3331 340 3413 θηλυκοῦ
360 3325 464 3395 οὐκέτι
491 3325 583 3413 (ἀλλὰ
602 3326 728 3414 μάχλος)
752 3333 920 3418 1110111113,2
947 3329 1027 3418 άνήρ
1047 3331 1105 3418 μὶν
1127 3333 1219 3421 Ἀθη-

116 3431 220 3507 ναῖος,
255 3421 295 3491 οὐ
321 3423 384 3511 μὴν
408 3423 559 3511 Ἀθηναία
592 3427 673 3513 γυνη
702 3423 763 3494 ἀλλ’
791 3426 989 3516 ἕτερωνύμως
1016 3429 1125 3520 άπική
1153 3435 1220 3512 (καὶ

117 3520 209 3607 ἀστή)
230 3525 317 3589 Eust.
335 3543 363 3606 p.
375 3526 426 3609 84,
442 3527 488 3590 11.
510 3527 619 3610 hisque
641 3532 835 3595 constantius
857 3540 1013 3598 servatum
1034 3525 1078 3608 εἷς
1098 3533 1133 3597 ia
1153 3537 1219 3599 siue

182 3784 212 3851 2)
245 3784 292 3839 llis
318 3786 413 3853 apponi
438 3790 548 3852 possunt
572 3799 640 3853 qnae
664 3802 723 3841 enm
746 3802 845 3855 genere
875 3793 1094 3858 significationem
1122 3803 1218 3851 mutant

115 3866 224 3934 ἑταῖρος
241 3864 255 3916 ά
274 3867 360 3933 apriles,
379 3867 472 3934 ἑταίρα
491 3867 520 3919 dl
540 3865 554 3930 ᾗ
573 3867 659 3938 πόρνη
677 3871 751 3926 111151.
768 3873 811 3938 81,
829 3873 871 3930 30.
888 3877 987 3928 aalma
1001 3908 1033 3919 -
1046 3881 1141 3946 oulen,
1166 3895 1217 3933 ou-

113 3947 158 4012 lus
180 3948 349 4002 masculinnm
367 3953 409 4003 est
424 3953 538 4004 amasius
555 3951 581 4003 id
602 3958 643 4007 est
660 3967 727 4020 puer
744 3957 904 4023 meritorius,
929 3967 1042 4015 soortum
1059 3963 1151 4028 uirile,
1175 3979 1218 4016 ιο·

114 4046 280 4098 gon-eope.
317 4030 401 4083 Etiam
421 4030 511 4094 θῆσσα
532 4034 559 4087 in
580 4034 637 4089 loro
653 4034 741 4090 Attico
757 4039 905 4093 distinctum
922 4055 939 4095 a
955 4042 1015 4105 σῆς.
