2648 4756
184 338 256 413 868
530 330 856 402 nissnararto
891 326 968 400 viti.

184 510 285 593 pinam
310 502 394 568 lilioli
415 500 493 566 deae
515 502 636 565 dedicat
657 495 677 564 ἁ
698 495 797 584 μάτηρ
817 492 897 577 ζωὸν
917 492 975 562 τὸν
994 494 1161 577 anxiam,
1188 498 1294 564 100105

185 609 344 685 antiquus,
381 602 433 683 qui
461 600 629 681 adscripsit
657 600 687 663 ci
712 597 776 663 ἐστι
801 601 949 681 pluvios,
983 597 1145 661 dubitasse
1172 598 1292 663 dueum

183 703 380 786 propriumne
407 701 448 764 sit
476 717 514 763 an
541 714 710 763 commone.
753 697 1029 775 Quodllesychins
1052 697 1142 760 adert
1167 694 1291 761 Ψαινύ-

182 806 254 874 νιος
271 795 383 875 ψευδές
402 793 536 879 μάταιον
556 790 672 871 εὐτελές
693 792 832 875 οἰκτρόν,
855 793 1128 889 inchoeronosci
1149 794 1287 877 Orthogr.

182 916 212 981 p.
235 898 306 963 280.
330 898 419 962 aliter
440 894 588 978 scriptum
610 904 658 960 est
681 892 850 969 ναιιιάθιος
871 917 904 957 αι
925 891 1102 975 δίφθογγος
1122 888 1161 957 τὸ
1175 892 1289 969 ψευδές,

183 1004 214 1063 et
236 998 300 1061 lieri
322 1003 426 1079 potest
447 1002 480 1057 nt
501 1002 641 1058 neutrum
663 996 815 1057 sincerum
830 995 869 1056 sit
884 993 940 1056 sed
957 990 1202 1071 ψαινννθάδιος,
1224 1008 1287 1058 nant

183 1104 215 1160 ut
245 1114 263 1159 a
289 1096 428 1175 μίνυνθα
447 1089 668 1175 μινυνθάδιος,
699 1084 1009 1169 demandationem,
1039 1108 1103 1171 quo
1127 1092 1286 1173 Lycoptro

181 1197 278 1259 utitur
298 1211 325 1257 u.
350 1192 438 1257 1420.
460 1193 623 1266 ψαίνννθα
642 1193 811 1268 θεσπίζειν,
834 1189 903 1253 duci
927 1192 1028 1270 potuit
1048 1189 1286 1266 ναινννθάόιος.

182 1294 237 1359 llis
259 1293 357 1355 lucem
379 1292 508 1355 aiiernnt
536 1291 663 1372 glossae
693 1291 908 1368 circumjectae
936 1285 1113 1364 Ψαινύντες
1133 1292 1288 1373 νομίζον-

95 1432 98 1437 -
181 1414 238 1469 τις,
266 1390 409 1454 Ψαίννον
429 1383 560 1473 ἀχρεῖον,
589 1390 755 1470 Ψιιίννσμν
776 1381 890 1468 ὀλίγον,
911 1389 1022 1470 quihus
1046 1389 1191 1453 omnihus
1213 1390 1287 1453 suh-

178 1494 264 1571 Jaota
294 1498 341 1553 cst
365 1489 470 1551 minuti
499 1489 696 1571 significatio,
728 1488 869 1566 stirpitus
898 1504 916 1550 a
942 1488 1094 1567 primitivo
1124 1483 1199 1562 νάω
1225 1489 1287 1570 [rio

183 1597 289 1671 tracta,
310 1587 391 1652 unde
414 1588 597 1650 transfertur
617 1586 655 1650 ad
677 1585 707 1649 id
728 1586 811 1665 quod
828 1585 967 1648 lriuolum
984 1602 1094 1649 vannrn
1108 1587 1221 1650 ialsnm
1236 1596 1288 1650 est

181 1684 303 1762 Λνάω
331 1688 439 1766 igitur,
467 1685 547 1748 undo
575 1681 681 1767 νήχο,
710 1680 822 1767 papa,
844 1680 953 1766 νομός
975 1686 1123 1764 irustum,
1153 1686 1287 1765 νομίζω,

180 1785 336 1868 processit
362 1782 495 1862 ναίννμι
522 1788 554 1843 ut
584 1799 603 1844 a
630 1777 696 1844 daim
724 1781 868 1863 δαίνυμι,
904 1789 934 1846 et
969 1777 1142 1845 Ψαινύνοω
1169 1781 1286 1863 daiga,

180 1898 241 1963 quo
269 1881 365 1944 verbo
395 1879 475 1943 idem
503 1880 676 1959 Hesychius
707 1883 800 1945 utitur
827 1881 864 1945 ad
893 1881 1156 1963 interpretandum
1177 1884 1286 1962 ναίον.

180 1980 357 2043 Consonam
386 1994 477 2061 vero,
510 1995 571 2059 qua
597 1980 775 2058 ψαίνινθα,
799 1981 939 2061 μίνυνθα
967 1990 996 2045 et
1022 1976 1171 2063 o'hytviio
1199 1990 1287 2046 aucta

180 2084 267 2160 sunt,
295 2079 422 2158 saepius
450 2084 522 2139 ante
550 2079 794 2142 terminationem
821 2082 892 2141 θ-
914 2080 1074 2144 vocatibus
1096 2084 1112 2142 ἱ
1136 2090 1166 2145 et
1186 2082 1209 2145 ῦ
1231 2081 1288 2145 ad·

174 2178 292 2257 jactam
319 2175 465 2238 videmus.
515 2174 647 2239 Primum
669 2178 747 2240 enim
770 2179 836 2240 avis
865 2177 977 2258 duplici
1000 2178 1090 2242 modo
1115 2181 1287 2260 appellator

179 2274 303 2355 αἴγιθος
331 2281 362 2336 et
388 2274 531 2353 αἲγινθος
559 2272 689 2354 Oppian.
717 2276 811 2339 lxeut.
840 2275 862 2337 l.
893 2277 939 2338 iil.
969 2276 1069 2339 irater
1096 2274 1284 2359 τερέβινθος,

176 2366 382 2455 τέρμινθοςοῑ
395 2367 547 2453 epipedos,
571 2373 653 2453 quod
675 2382 704 2436 ct
726 2374 765 2436 ab
779 2374 844 2437 Eli.
866 2373 1031 2437 indicatum
1053 2384 1127 2454 puto
1152 2393 1190 2439 eo
1214 2376 1285 2440 loco

177 2486 238 2553 qno
260 2486 341 2533 nunu
363 2472 511 2551 scriptum
527 2479 576 2535 est
589 2468 753 2551 τιρμινθός
765 2468 818 2536 καὶ
831 2467 996 2552 τέρμινθος
1010 2491 1037 2552 p.
1056 2473 1126 2555 753,
1146 2474 1194 2539 10.
1216 2491 1282 2538 narn

176 2578 321 2632 accentus
350 2568 512 2632 diuersitas
540 2573 571 2632 in
595 2572 647 2633 ‘his
667 2572 840 2633 noniiuihns
862 2571 945 2633 nulla
966 2570 1222 2652 deprehenditnr;
1256 2582 1283 2637 et

175 2673 209 2727 ut
230 2682 248 2727 a
270 2668 435 2745 paragogis
458 2667 630 2744 discedam,
659 2670 718 2749 μῦς
739 2670 877 2750 optatior.
922 2668 1067 2749 Quaeque
1096 2687 1161 2733 uno
1190 2671 1280 2734 modo

176 2764 356 2847 efferuntur,
390 2772 490 2829 tamen
518 2768 648 2830 maxima
677 2786 714 2831 cr
743 2775 830 2850 parte
857 2766 993 2828 derivata
1021 2774 1093 2830 sunt
1122 2772 1205 2833 sicot
1232 2770 1280 2833 illa

175 2879 304 2945 quorum
326 2880 402 2944 pura
425 2871 474 2927 est
496 2868 666 2928 terminatio
693 2852 767 2939 5ιῖςῖ
808 2864 882 2938 Quis
905 2863 983 2925 enirn
1006 2863 1122 2929 dubitat
1143 2863 1280 2949 urrinni·

174 2968 284 3042 ρινθος
304 2957 325 3045 ἡ
346 2958 478 3046 {puidam
499 2980 517 3026 a
537 2959 631 3045 κηρός
652 2978 763 3026 nomen
784 2963 906 3043 habeat,
928 2963 975 3024 cui
998 2964 1097 3026 simile
1116 2961 1280 3047 Κήρινθος

173 3060 248 3120 urbs
270 3061 417 3140 Euboico,
438 3059 635 3141 ejusdemque
656 3060 776 3123 insulae
797 3061 905 3122 illarius
928 3055 1059 3140 lipparis.
1092 3063 1141 3126 Dc
1162 3059 1279 3143 ἐρέβιν-

173 3157 248 3231 θος,
279 3159 367 3234 cujus
390 3158 513 3235 species
536 3159 648 3221 multae
669 3160 833 3238 variaeque
854 3156 1003 3239 paucam,
1025 3156 1183 3241 νὲρινθος,
1205 3154 1279 3225 ὀδό-

171 3255 289 3326 tochos
322 3253 360 3316 ab
395 3255 550 3333 Hesychia
579 3262 650 3317 sunt
685 3255 814 3319 traditae
841 3265 871 3319 et
898 3258 976 3320 alias
1005 3274 1107 3320 sermo
1145 3263 1276 3324 novitius

171 3351 312 3434 procudit
332 3346 477 3434 ρέβινθος
496 3362 525 3416 et
546 3350 661 3435 ῥοβίθι,
695 3355 738 3416 ita
759 3354 830 3416 mihi
853 3357 995 3434 persuasi
1009 3372 1122 3420 nomen
1145 3375 1164 3421 a
1186 3361 1276 3423 simili

170 3450 332 3530 leguminis
357 3468 471 3532 genere
498 3448 610 3534 ὄροβος
639 3467 743 3515 arvum
772 3452 954 3516 declinatum
983 3456 1272 3522 assererentur.

171 3544 341 3630 Μήρινθος
362 3559 391 3613 ot
411 3551 577 3629 πείρινθος,
599 3564 678 3629 quae
701 3549 894 3613 Grammatici
914 3557 1112 3635 conjungunt,
1137 3572 1156 3617 a
1177 3572 1275 3619 voea-

169 3648 250 3713 bnlis
272 3649 377 3710 tertiae
399 3646 613 3711 declinationis
640 3643 730 3730 μήρις
751 3653 781 3710 et
801 3650 896 3730 πείρις
918 3658 987 3713 orta
1007 3651 1166 3731 videntur,
1194 3670 1275 3735 qno-

168 3762 234 3808 rum
261 3746 420 3826 imaginam
449 3755 552 3810 servat
579 3747 782 3809 nominativus
809 3742 915 3827 μέρμις
937 3757 966 3812 et
988 3753 1188 3816 accusativus
1208 3754 1273 3816 uei-

168 3848 265 3921 ρινθα
291 3862 318 3907 v.
340 3843 449 3907 Parall.
473 3844 540 3909 167.
569 3845 642 3909 illud
669 3846 707 3908 ab
729 3845 801 3927 εἴρω
822 3846 886 3910 lili.
908 3847 978 3927 580,
1001 3849 1049 3913 21.
1072 3848 1160 3915 Enst.
1185 3851 1271 3947 tutu,

167 3939 218 4003 28.
246 3940 310 4020 vel,
333 3947 365 4002 ut
388 3940 576 4004 Schneidero
599 3944 715 4026 placet,
745 3938 898 4024 apporia,
933 3946 1060 4010 altarum
1085 3948 1270 4029 Didymnsa

166 4032 223 4113 oto
243 4053 297 4116 per
317 4038 497 4100 metathesin
517 4045 616 4102 ortum
630 4041 757 4103 alhrmat
776 4040 831 4102 scd
849 4043 915 4105 sine
932 4046 1116 4124 probatione
1131 4050 1269 4111 solemni.

165 4132 263 4194 l'orro
292 4132 668 4220 nonantulanorum,
697 4143 730 4201 ut
749 4139 903 4205 Antonius
932 4143 997 4207 lili.
1025 4154 1134 4219 vocat,
1163 4146 1268 4210 Galin-
