2648 4756
181 330 253 400 2⁸8
470 314 478 321 ’
537 324 863 393 tttssttttrnrto
897 326 932 391 V.

179 503 212 560 et
238 493 308 556 huie
334 490 519 555 simillimum
546 485 672 575 ἄχηρές,
708 491 792 572 quod
819 490 1015 555 Grammatici
1047 491 1106 555 alio
1140 495 1275 556 remedio

178 592 380 657 amoliuntur:
401 582 518 671 όχηρὴς
536 585 572 653 ἐν
591 592 650 654 τοῦ
669 584 786 672 tigando
811 585 930 653 ἐκτάσει
948 591 1010 653 τοῦ
1030 594 1053 653 E
1071 588 1113 662 εἰς
1130 600 1168 672 ri,
1197 588 1276 653 διότι

177 683 327 766 ὀξύνεται·
349 683 390 752 οὐ
409 683 471 772 γὰρ
490 681 553 752 ἀπὸ
572 691 632 752 τοῦ
651 685 727 771 ἄχος
746 685 791 764 ὦς
810 687 900 769 {lotoe
921 685 1056 771 ξιφήρης
1070 689 1135 752 Elt
1147 688 1213 770 181,
1229 692 1275 754 15.

177 787 216 852 do
238 805 300 868 quo
318 791 384 868 iant
399 787 541 868 judicare
558 805 622 852 non
642 805 810 869 possumus
831 786 941 851 deletis
966 788 1114 851 vocabuli
1135 788 1277 868 exemplis

179 887 332 951 omuibus.
373 888 451 952 Sunt
471 904 546 950 vero
569 888 630 950 alia
650 902 730 966 quae
751 903 844 966 quum
865 904 1021 967 paragoga
1042 903 1107 950 non
1138 888 1201 950 siut
1225 905 1277 949 ao-

178 993 302 1049 centum
325 993 547 1066 contraquam
568 985 720 1049 sancitum
742 992 791 1047 est
813 986 843 1046 in
865 985 1032 1065 penultima
1045 985 1171 1048 liabent.
1214 987 1277 1049 Pri-

178 1100 260 1147 mum
280 1078 408 1164 ἆνηρης,
430 1083 469 1146 de
489 1078 551 1164 iguo
576 1092 678 1147 tamen
698 1081 876 1160 ambigitur:
904 1077 1028 1164 ἀνηρεις
1057 1078 1233 1163 ἀνάνόρους
1260 1081 1277 1165 ἢ

178 1179 275 1264 χήρας
295 1178 316 1265 ἢ
335 1177 514 1262 παρθένους
534 1176 579 1254 ὦς
598 1177 745 1262 ξιφήρεις,
764 1175 799 1242 ἐκ
817 1182 876 1242 τοῦ
895 1177 963 1244 ἄνω
975 1179 1165 1263 nonacrim
1179 1183 1277 1250 Ett.³³

177 1275 298 1364 ἀνηρης
324 1274 505 1362 ἆιόρόόης,
533 1279 565 1343 οἱ
591 1275 625 1343 di
644 1272 839 1359 ἀνάρμοστος
858 1279 930 1344 lies.
971 1281 1055 1360 Ergo
1077 1287 1111 1344 ut
1133 1287 1277 1361 conjuges

178 1375 331 1462 ουνηοροι
356 1388 506 1443 uocantur
534 1385 565 1443 et
592 1379 760 1444 familiares
789 1374 928 1457 Πόταροι
958 1376 1111 1461 γνώριμοι
1136 1380 1208 1444 lies.
1237 1384 1279 1443 ita

179 1496 244 1545 non
269 1481 377 1543 mirum
407 1486 457 1542 est
484 1479 630 1558 innuptas
650 1476 751 1540 dictas
770 1492 843 1539 esse
870 1469 993 1556 ἀνῄρεις
1011 1478 1072 1542 lroc
1091 1484 1142 1543 est
1161 1481 1278 1560 injuges

179 1573 403 1661 ἀναρμόστους.
447 1578 581 1641 Tertium
603 1575 731 1658 praebet
752 1572 831 1637 idem
852 1573 1099 1657 glossographus
1121 1574 1225 1660 Διήρη
1244 1574 1279 1640 τὰ

179 1670 223 1741 δι’
254 1672 331 1738 ὅλον
348 1670 527 1757 ἡρμοσμένα
546 1667 707 1753 ἀναλόγως
723 1672 769 1757 τῷ
790 1667 938 1752 ποδήρης,
957 1672 1018 1737 lroc
1040 1682 1089 1739 est
1109 1676 1152 1738 ab
1174 1677 1278 1741 eodem

179 1767 327 1854 ἀρηρέναι
346 1774 562 1852 compositum.
604 1770 667 1836 Sed
687 1770 718 1834 id
732 1787 856 1850 quoque
873 1774 1041 1852 paragogis
1052 1762 1163 1837 inseri't
1178 1777 1278 1839 schol.

179 1872 251 1935 liur.
272 1870 408 1935 Phoeuu.
429 1870 479 1934 90.
499 1869 602 1951 όιῆρες
622 1865 728 1950 abac
746 1862 884 1932 ἀπὸτοῦ
905 1867 965 1933 δύο
985 1865 1028 1945 ὥς
1051 1867 1153 1953 μόνον
1180 1870 1277 1956 μονή-

179 1990 245 2050 ρης,
266 1968 350 2048 quod
371 1968 423 2031 alii
445 1968 581 2031 sortasse
603 1984 672 2031 cum
693 1967 789 2031 uerbo
817 1961 974 2047 ἀραρόσιν
1003 1971 1181 2050 copulatum
1210 1989 1277 2036 esse

180 2074 365 2148 statuerunt,
386 2065 527 2146 exemplo
550 2065 694 2144 adjectivi
713 2061 855 2147 μονόζυξ,
877 2067 908 2127 in
929 2083 991 2146 quo
1013 2071 1189 2133 contrarias
1212 2073 1278 2134 uni-

179 2167 253 2231 tatis
265 2173 295 2228 et
308 2166 516 2247 copulationis
530 2166 675 2227 notiones
687 2165 803 2244 pariter
819 2164 975 2228 coaluisse
987 2173 1083 2245 patet.
1105 2167 1168 2232 Sed
1176 2169 1276 2233 eadem

178 2265 340 2345 uocabula,
361 2280 453 2344 quum
468 2262 505 2326 de
520 2263 650 2326 navibus
664 2262 816 2339 dicuntur,
830 2269 994 2342 ceteraque
1008 2263 1184 2343 hujusmodi
1199 2265 1277 2350 τριή-

179 2386 245 2444 uoc
268 2357 406 2444 tendam,
427 2355 564 2442 auitos,
584 2357 753 2443 ruvico,
783 2356 912 2442 &toro
941 2357 1075 2443 ιατήιιι
1100 2362 1141 2427 td
1167 2361 1276 2447 ὲιὲσνν

179 2464 333 2541 colerunt,
359 2459 442 2540 quod
463 2460 588 2522 uerbum
609 2476 702 2540 quum
723 2466 835 2539 poetae
857 2475 953 2540 saepe
973 2476 993 2522 a
1013 2461 1193 2540 remigando
1216 2473 1277 2528 tra·
1319 2490 1321 2497 ·

180 2558 293 2622 ducant
315 2556 527 2619 adactionem
550 2565 579 2619 et
603 2559 810 2639 agitationem,
832 2574 894 2620 uon
916 2556 993 2620 adeo
1020 2555 1160 2624 damnem
1183 2563 1277 2627 Photii
1318 2584 1321 2603 ³

180 2656 370 2717 notationem
393 2648 515 2733 Εὐηρις
534 2647 695 2735 εὐαγωγόν
714 2647 777 2717 ἀπὸ
798 2663 852 2737 της
869 2655 1005 2735 εἰρεσίας,
1017 2656 1046 2697 ³⁴
1067 2675 1136 2721 uam
1150 2660 1277 2725 indidem

183 2751 306 2816 ductum
328 2758 377 2813 est
397 2746 565 2832 σννηρέτης
585 2748 754 2833 σύμφωνος
774 2747 817 2826 ὦς
845 2746 1009 2836 όντηρέτης
1034 2752 1175 2831 ἐναντίος
1195 2759 1277 2823 tuot.

181 2858 213 2915 et
235 2843 385 2931 ὑπηρέτης
406 2851 424 2912 i.
447 2866 475 2929 q.
500 2843 655 2930 ὑπουργός
675 2870 701 2914 r.
724 2850 762 2913 ad
783 2855 831 2929 Al.
855 2853 942 2916 1329.
971 2870 1028 2917 uec
1054 2857 1157 2919 miuus
1186 2876 1276 2939 saepe

181 2949 267 3014 verbi
296 2941 453 3027 ἆρορίοκω
480 2949 528 3009 vis
556 2954 586 3010 et
615 2948 828 3029 componendo
858 2949 1057 3015 obumbratur
1082 2960 1114 3016 et
1144 2959 1276 3020 transle-

181 3049 276 3109 reudo
305 3056 337 3107 ut
364 3043 466 3108 κάλλει
494 3038 618 3125 ἀραρός
643 3046 715 3110 Eur.
744 3047 883 3112 151948.
913 3045 1016 3128 κράτει
1043 3043 1168 3133 ἀραρός
1197 3055 1276 3119 Piud.

181 3142 227 3207 01.
249 3142 284 3204 X
307 3141 355 3204 98.
377 3136 558 3222 ἀπιηιεὶησιν
577 3135 700 3224 ἀρηρώς
720 3145 864 3223 apollon.
886 3146 920 3209 ll.
944 3147 1032 3212 1202.
1053 3142 1135 3232 ὀσμῇ
1148 3150 1277 3236 κοιτηρης

180 3239 252 3301 Eur.
274 3238 320 3301 El.
343 3236 412 3302 498.
436 3256 454 3300 a
475 3255 536 3319 quo
560 3232 697 3322 όσμήρης
719 3243 866 3304 tantulum
888 3243 1018 3309 discedit
1038 3254 1072 3310 ut
1087 3266 1107 3311 a
1121 3249 1276 3314 Gramma·
1317 3300 1320 3325 ÷

181 3338 251 3401 licis
273 3336 478 3400 schismaticis
499 3339 531 3400 iu
552 3339 705 3416 synthetis
726 3341 833 3403 referri
855 3344 999 3422 potuerit.
1042 3345 1111 3418 Sed¹
1127 3347 1181 3410 illa
1194 3351 1276 3413 simi-

179 3434 275 3498 litudo
297 3451 360 3498 uon
380 3436 471 3498 edicit
493 3443 526 3499 ut
547 3452 566 3500 a
586 3437 692 3517 regula
714 3439 818 3502 tonica
838 3439 1008 3505 meandum
1030 3451 1192 3527 putemus;
1212 3466 1275 3513 nam

177 3611 397 3624 ——..-
418 3613 425 3618 .

246 3717 292 3779 33)
309 3715 442 3768 Postrema
463 3711 493 3763 ἐκ
511 3712 558 3762 τοῦ
578 3714 635 3764 ἄνω
652 3744 686 3754 -
702 3729 753 3767 νον
767 3715 817 3768 luc
830 3719 959 3784 occinere
976 3732 1074 3774 censeo
1093 3725 1142 3779 sed
1156 3727 1188 3780 ad
1205 3728 1274 3794 uirgo.

182 3798 249 3865 quod
269 3797 414 3865 Erymotogi
433 3811 448 3849 a
464 3795 544 3849 uerbo
564 3797 608 3850 illo
626 3805 747 3863 repetere
767 3801 859 3853 solent.
896 3801 1031 3862 Quomodo
1051 3803 1154 3876 ἀνηρης
1171 3825 1217 3876 pro
1235 3812 1273 3863 a„

181 3877 288 3944 ὸρώδης
306 3880 359 3931 dici
377 3880 498 3946 potuerit,
517 3892 607 3944 parom
625 3896 761 3950 assequor,
779 3898 828 3938 nec
846 3898 935 3938 rerum
955 3892 1026 3952 puto.

246 3959 293 4026 34)
311 3959 387 4021 Quod
406 3960 538 4015 antecedit
555 3962 655 4028 Εΰηρές
672 3964 785 4022 ἐπιεικές
803 3965 900 4032 πρᾷον,
919 3981 969 4019 non
992 3966 1060 4022 hano
1083 3973 1135 4024 rim
1160 3973 1238 4031 habet
1253 3984 1275 4028 ut

183 4039 381 4093 tirurnrnattcuur
400 4041 559 4107 significatus
579 4043 697 4101 divorsos
715 4055 825 4101 accentu
844 4048 994 4106 distinxisse
1018 4058 1107 4120 putem
1131 4057 1179 4112 sed
1198 4062 1276 4127 potius

181 4119 348 4174 scribendum
366 4122 467 4189 εὐῆρες.
