2648 4756
166 348 218 412 DE
233 346 330 414 ΝΟΜ.
345 344 510 424 QUORUM
521 344 634 413 chun.
647 347 725 414 EST
741 344 872 413 sititis.
896 347 929 414 C.
944 349 980 416 11.
999 357 1030 427 ς.
1046 352 1075 419 3.
1108 354 1178 425 hee

72 512 215 576 noscitur
236 518 268 576 et
289 510 350 577 duo
372 509 537 594 adtentiore,
566 527 659 576 nnnm
685 514 899 594 perantiquum
924 509 1065 598 orphoeus,
1094 519 1177 600 qnod

72 611 270 675 Herodianus
300 626 355 692 per
375 610 554 692 prosthesin
580 615 612 673 et
632 608 765 689 diniysin
791 625 831 674 ox
852 606 963 686 αὕτως
983 616 1093 681 ieotnm
1115 635 1177 698 pn·

73 712 151 773 tevit
181 710 246 774 EM.
277 708 427 790 171,·10.
454 708 515 773 hoo
544 714 646 772 autern
668 708 707 771 nh
728 701 831 781 αὕτως
849 711 1034 790 repetivisse
1055 716 1176 781 videtur

73 812 108 870 ut
133 824 152 869 11
173 801 281 889 ereptos
306 802 437 888 κτήσιος,
464 807 599 881 πλοῦτος
625 802 789 884 πλούσιος,
819 806 876 872 soil
904 807 1008 873 Sohoh
1040 811 1095 878 od.
1124 815 1173 880 111.

72 904 145 969 316.
168 922 205 968 er
226 899 365 986 ὲιηΰσιος
385 904 447 968 hoo
467 913 533 989 est,
555 912 647 987 puto,
675 921 715 968 on
734 900 810 983 ἔτος,
832 906 1053 985 praetermisso
1075 913 1175 991 epsilo

71 1009 105 1065 ut
127 1000 248 1084 τήιυμα
267 996 370 1086 ἀληθῆ
399 1003 532 1084 Hosyoh.
561 1001 645 1084 qnod
671 1004 809 1067 nonnulli
838 1004 1030 1069 deourtatum
1058 1016 1176 1089 putent.

71 1101 208 1165 hiterunr
237 1108 288 1165 est
315 1101 354 1165 nh
386 1096 534 1182 ἄντικρυς
565 1093 763 1181 ἄντιαρύσιος
791 1102 926 1183 Tnoopn.
958 1103 1033 1187 125,
1062 1105 1091 1171 2.
1119 1106 1177 1172 sed

74 1215 267 1282 summopere
296 1206 475 1280 snspeetnrn
503 1205 535 1264 et
561 1205 690 1281 propter
715 1217 752 1264 se
779 1207 811 1264 et
838 1201 879 1265 oh
900 1199 1059 1267 vindicem
1081 1197 1177 1267 -Ὁ

71 1293 129 1378 μὲν
149 1291 202 1362 διὰ
220 1299 280 1362 τοῦ
301 1312 396 1372 motos
417 1291 571 1415 Ριχγίνων
590 1292 693 1376 ἐστὶν,
720 1294 785 1362 dorsi
808 1294 937 1382 συνεχὴς
962 1293 1039 1382 παρ’
1068 1294 1176 1376 αὐτοῖς

72 1389 138 1458 ἀπὸ
156 1397 278 1481 γενικῆς
296 1397 436 1513 χὶνεται,
456 1389 584 1459 ιἰνωιων
607 1345 796 1475 ἄναιῖιόσως,
824 1396 974 1480 χαρίτων
983 1394 1174 1480 χαριτόσιος.

67 1488 109 1556 ‘0
130 1489 164 1558 dd
183 1489 235 1558 διὰ
252 1497 312 1560 τοῦ
339 1517 433 1570 mosoc
334 1481 608 1572 ‘',Atottoo
627 1489 773 1569 Ἀλωνιος
793 1496 868 1576 (ser.
891 1490 1175 1579 moimmse-

71 1588 680 1674 τωνιος,1τερα1νιος,ἱλιαώνωςΰτιιιι
703 1595 736 1658 T.
757 1593 805 1658 iv,
825 1592 896 1658 329.
916 1610 1045 1676 qnorum
1063 1604 1176 1678 posto-

72 1693 186 1756 riorom
207 1698 326 1773 pnrtonr
347 1693 480 1775 erplioni
501 1691 540 1756 od
559 1692 670 1757 Buttm.
691 1690 793 1757 106.
784 1708 816 1755 nn
830 1693 943 1776 priore,
956 1709 1036 1774 qnae
1050 1698 1177 1778 proprie

71 1790 164 1870 hujus
184 1795 235 1854 est
255 1790 327 1873 loci,
348 1808 405 1872 pro
426 1784 555 1853 ιἰνιίκων
575 1792 719 1872 suspioor
740 1789 934 1854 seribendnm
956 1808 1029 1856 esso
1049 1787 1177 1860 ἀκάκων

71 1881 274 1969 Ammonos,
306 1886 390 1970 qnod
416 1889 517 1969 ipsum
544 1888 665 1970 quidem
686 1905 750 1952 non
770 1888 882 1968 legitur
902 1889 959 1952 sed
981 1890 1177 1960 Grnmmotiei

73 1989 223 2069 posuisse
244 1984 386 2050 ridentur
406 1984 445 2050 nd
467 1985 680 2067 enpiionndnm
701 1987 845 2051 hieronrii
872 2002 984 2051 nomen
1011 1984 1178 2074 ἀκαιήσιος

74 2080 246 2168 sponsos
264 2085 366 2147 κακοῦ
385 2085 553 2166 παραίτιος.
596 2082 757 2161 Quomodo
787 2086 865 2148 enim
892 2084 1026 2165 Neptuni
1046 2089 1078 2151 in
1100 2091 1177 2156 urbe

74 2183 182 2248 Helioe
203 2182 379 2248 oonseerati
399 2184 560 2263 epitheton
574 2175 752 2256 Ἑλικώνιαι
778 2200 798 2246 ι
817 2183 952 2262 genitivo
984 2183 1094 2266 plurali
1115 2205 1177 2253 no-

74 2282 167 2345 minis
183 2275 287 2363 ‘Ettsp
307 2281 476 2347 derivatum
505 2297 577 2345 esse
598 2280 777 2360 voluerunt,
808 2283 896 2360 oujns
923 2280 1059 2360 legitima
1084 2284 1178 2350 ineli-

76 2382 162 2444 notio
185 2387 234 2444 est
250 2374 438 2462 Ἐλιαησιος,
468 2379 514 2442 sie
545 2379 610 2441 reri
637 2379 738 2442 simile
765 2383 814 2442 est
843 2378 1011 2442 nonnullos
1039 2381 1155 2447 hano
1146 2402 1178 2451 rn

77 2480 255 2559 opinionem
276 2478 464 2541 discessisse
484 2483 517 2539 ut
538 2477 720 2539 Mercurium
742 2476 782 2539 ah
802 2476 952 2540 heolibns
977 2471 1168 2546 Ἀκταιώνων

77 2594 95 2638 a
116 2576 262 2656 Rheginis
280 2569 465 2655 Ἀκακήσιον
486 2582 629 2638 vooutnm
650 2581 803 2655 pnturent
844 2574 910 2640 Neo
926 2547 1179 2658 χαριτώσιοςᾱι-

77 2674 293 2754 prehendimus
315 2672 371 2738 sed
391 2670 565 2789 χαριτήσιρς
586 2680 632 2754 et,
660 2672 743 2753 quod
764 2690 826 2736 non
849 2677 1015 2754 oportebat
1035 2687 1179 2758 praeter-

76 2774 164 2853 mitti,
185 2768 309 2846 ἐτώσιος
328 2766 412 2850 παρὰ
431 2766 468 2833 τὸ
488 2765 557 2843 ἐτός
578 2764 596 2832 ὁ
617 2764 737 2851 &torpe
756 2764 820 2835 κατ’
842 2766 1028 2854 ἀντίφρασιν
1049 2775 1098 2838 vel
1121 2793 1177 2857 pro

77 2864 225 2944 ἀετώσιος
245 2877 278 2933 nt
300 2869 489 2949 fabulantur,
516 2868 617 2929 demto
639 2867 731 2960 aiffla
752 2871 922 2950 privativ03
950 2888 1008 2933 neo
1036 2881 1179 2952 proeter-

77 2971 207 3032 missum
229 2975 278 3030 est
299 2969 338 3032 ab
360 2968 424 3031 Elii.
446 2967 478 3029 αἱ
504 2960 556 3028 διὰ
582 2968 641 3028 τοῦ
668 2986 715 3038 tog
734 2963 894 3047 proriperent
913 2966 1096 3049 παραγωγαὶ
1117 2963 1179 3033 ιἰιτὸ

76 3067 201 3147 γενικῆς
220 3067 284 3127 τῶν
303 3066 523 3148 πληθυντικῶν
543 3063 633 3145 διχῶς
653 3066 892 3146 σχηματίζονται·
915 3060 932 3148 ἡ
953 3061 1009 3148 μὲν
1034 3069 1098 3130 τῶν
1113 3061 1180 3151 Ῥη-

78 3166 177 3244 γίνων
197 3160 352 3238 διάλεκτος
373 3161 424 3228 διὰ
444 3165 501 3227 τοῦ
523 3152 550 3241 d,
572 3159 705 3239 ἐτώσιος,
728 3157 747 3245 ἡ
769 3159 802 3225 δὲ
822 3165 885 3226 τῶν
905 3162 1044 3230 Αἰολέων
1056 3162 1108 3230 διὰ
1121 3169 1180 3231 τοῦ

79 3256 302 3334 ῦἙλιιιώνιος.
344 3263 384 3326 Ut
400 3258 576 3335 Ἑλικώνιος
598 3267 628 3325 ei
644 3256 833 3344 Ἑλικιὶσιος,
863 3264 910 3326 sio
931 3267 1022 3327 etiam
1045 3268 1181 3346 Stepha-

79 3376 140 3423 nus
163 3360 249 3423 niiert
281 3357 469 3441 Τιταρώνιος
497 3368 528 3424 et
553 3356 752 3440 Τιταρήσιος,
781 3361 880 3424 hono
907 3363 1047 3441 Τίταρος,
1068 3363 1142 3427 iilud
1164 3381 1183 3426 a

87 3455 239 3542 Τιταρῶν,
262 3477 299 3523 ex
320 3476 381 3541 qno
403 3459 481 3524 idern
502 3460 631 3538 Mopsus
654 3459 694 3521 ab
714 3459 852 3523 Hesiodo
878 3455 1061 3540 Τιταρήσιος
1073 3459 1185 3541 oppel·

81 3559 174 3639 intur,
196 3558 437 3638 uLyeophrone
463 3552 664 3636 Τιταρωνειος
684 3574 712 3620 r.
732 3556 803 3622 881.
826 3573 894 3620 enm
908 3556 1070 3621 metathesi
1083 3573 1185 3637 quan-

83 3657 199 3734 titatis3
221 3671 291 3717 nam
316 3657 446 3736 disemos
467 3657 594 3736 primum
615 3655 737 3734 longum
756 3656 857 3738 hehet,
872 3655 1037 3720 seeundum
1051 3655 1186 3735 brevem,

83 3755 117 3816 in
144 3753 300 3832 gentilicio
336 3761 445 3817 eontra
473 3759 530 3816 est.
581 3747 755 3833 Κερβήσιος
784 3752 934 3833 Phrygiae
966 3754 1055 3817 iocus
1085 3751 1187 3816 Struh.

83 3850 149 3915 xii.
170 3850 239 3915 580.
260 3852 397 3915 fortusse
418 3869 437 3915 u
458 3847 587 3932 Κέρβης,
609 3850 692 3931 qnod
712 3850 906 3914 Herodianus
928 3852 1026 3914 Crem.
1047 3850 1096 3914 111.
1117 3847 1187 3914 241.

83 3949 169 4012 durii
189 3965 300 4011 nomen
322 3966 395 4012 esse
422 3948 527 4029 trudit3
555 3945 682 4031 Κιβρήν
709 3955 810 4012 nutem
838 3950 893 4011 init
922 3947 1051 4012 Troadis
1078 3948 1188 4011 durius

84 4043 168 4110 unde
194 4048 280 4128 regio
303 4047 468 4129 Κεβρηνία.
510 4049 551 4112 Et
571 4048 670 4111 simile
690 4045 741 4128 ,itti
769 4047 922 4112 ethnicum
950 4041 1109 4130 Κορήτας
1127 4063 1189 4111 no-

86 4145 136 4210 bis
166 4145 341 4227 opinionem
374 4145 461 4211 effert
486 4159 550 4212 non
578 4146 680 4210 solum
707 4138 830 4225 Κύριον
854 4146 887 4212 11
916 4163 975 4213 usn
1008 4147 1106 4212 inisse
1134 4141 1189 4208 sod
