2648 4756
184 316 254 383 8:18
517 304 838 373 DISSERTATIO
874 306 936 371 tii.

184 480 272 543 ittera
292 475 364 549 τῆος
395 487 432 535 ea
453 472 542 552 euasi
564 471 738 534 substantia
759 478 823 549 est;
855 478 960 533 cetera
988 469 1144 535 elementa
1170 473 1292 537 duitant

184 584 215 641 et
235 572 392 647 labuntur3
427 571 474 631 sic
502 577 602 632 tamen
630 578 662 632 ut
682 576 831 649 appareat
852 585 904 631 res
925 567 965 631 ad
987 571 1128 649 speciem
1149 578 1182 633 et
1200 588 1291 634 usum

182 671 297 737 similes
325 668 465 732 similiter
492 668 664 748 appellatas
694 684 775 730 csse.
824 666 988 730 Videamus
1025 684 1126 749 porro
1158 675 1289 731 caetera

179 764 352 848 Ἀρύστιχος
377 768 488 838 σκεῦος
514 763 548 828 ἐν
575 752 602 851 ᾦ
626 759 776 845 ἀρύονται
803 758 892 827 οἶνον
917 766 1031 843 Pliryu.
1061 770 1148 845 App.
1166 765 1218 830 tt,
1244 767 1290 829 etri

182 867 352 947 proxitttuut
374 874 423 927 est
443 858 589 944 ἄρυστήρ.
639 860 767 945 Βάριχοι
794 859 883 943 ἄρνες
910 873 939 927 et
965 860 1062 945 ἄριχα
1087 858 1192 942 ἇῤῥεν
1215 859 1288 945 xpo-

181 968 278 1046 βατον
287 963 430 1043 iiesyeirii
445 965 628 1042 interpretes
643 980 711 1025 cnm
725 959 812 1040 Βάρα
825 958 987 1043 θρέμματα
1001 962 1195 1039 conterunt;
1215 978 1288 1042 qne-

182 1079 247 1125 rnm
270 1062 429 1124 affinitates
451 1060 603 1123 declaravi
625 1062 656 1122 in
678 1060 786 1122 Parati.
799 1061 847 1123 ii.
878 1061 1110 1122 Femininernm
1125 1060 1288 1141 Theogen-

183 1169 252 1224 etas
266 1177 295 1238 p.
310 1158 377 1223 118.
387 1160 521 1238 quinque
535 1159 634 1220 affert:
648 1144 791 1239 τὰεἶςιῖη
810 1159 963 1237 petopeto]
984 1152 1005 1237 ἢ
1024 1154 1081 1218 καὶ
1100 1160 1228 1239 tequea]
1242 1152 1289 1220 διὰ

182 1259 240 1321 τοῦ
266 1258 281 1317 ῖ
303 1253 451 1336 γράφεται
470 1252 619 1335 aseddim,
648 1255 779 1335 Δολίχῃ,
804 1256 949 1335 poesim,
970 1257 1116 1335 μαστίχη,
1140 1258 1287 1335 emancipe

181 1350 218 1419 ad
238 1358 293 1435 τῆς
311 1348 459 1434 γυναικὸς
478 1353 608 1428 αἰδοῖον,
628 1367 757 1430 quornm
779 1354 906 1433 primum
928 1353 1019 1431 vulgo
1037 1352 1164 1431 Pyrrhe
1184 1354 1288 1415 inten-

183 1454 243 1516 tori
265 1458 423 1531 acceptum
447 1452 555 1531 ierunt,
576 1448 742 1513 secundnm
762 1450 880 1513 insulae
902 1452 1082 1530 impositum
1104 1460 1157 1513 est
1177 1468 1197 1513 a
1218 1452 1287 1525 sitm

182 1551 312 1634 μαστίχη
340 1568 359 1613 a
387 1550 482 1612 uerbo
511 1547 594 1630 qued
615 1548 743 1611 Neurus
766 1547 786 1609 i.
809 1564 835 1610 c.
860 1550 905 1613 17.
929 1552 956 1611 ei
979 1548 1122 1626 adjunxit
1143 1550 1287 1628 μαστίχην

181 1653 340 1733 μασᾶσθαι
361 1650 533 1709 masticare.
555 1646 701 1726 Μυστίχη
722 1652 773 1708 aut
792 1664 830 1709 ea
844 1646 903 1707 hoc
925 1654 1039 1709 temere
1057 1646 1226 1724 repetitura
1240 1653 1287 1707 aut

182 1762 294 1811 nemen
322 1745 480 1823 preprium
508 1750 556 1804 est
583 1750 616 1804 nt
646 1744 786 1807 Licinius
813 1744 967 1823 1iipsticus
996 1744 1025 1803 in
1056 1743 1155 1805 inser.
1185 1745 1285 1807 dierat.

182 1862 212 1924 p.
234 1844 304 1906 241.
328 1851 357 1904 et
378 1838 570 1921 Μυστιχίόης
591 1842 786 1905 Atheniensis
809 1840 896 1904 Diod.
918 1840 980 1903 XV.
1001 1840 1029 1902 2.
1060 1839 1123 1902 Pro
1137 1843 1285 1921 eapaptpp

182 1940 263 2020 apud
283 1939 393 2003 Aroad.
411 1939 479 2003 115.
492 1939 642 2019 σαμβρίχη
656 1940 804 2018 seriptum
818 1947 876 2019 est,
898 1940 929 2001 in
942 1938 1044 2001 indice
1060 1937 1181 2001 duecd.
1194 1936 1283 2001 uett.

180 2040 308 2120 μαρίχη,
338 2036 418 2119 apud
444 2037 584 2100 Pnetinm
610 2037 759 2118 σαβαρίχη
786 2054 814 2098 v.
838 2033 1176 2097 incunctantem.
1208 2033 1284 2115 quod

181 2154 250 2201 enm
273 2152 445 2215 synonymo
472 2130 608 2213 σάραβος
636 2135 726 2196 iacito
753 2134 911 2197 conciliari
934 2138 1035 2212 petest
1058 2129 1202 2195 admissa
1222 2149 1284 2195 me-

182 2237 296 2300 tathesi
324 2248 482 2298 consonae
510 2230 627 2294 mediae
656 2238 686 2294 et
705 2238 867 2294 extremae.
909 2228 944 2292 lu
966 2226 1165 2309 libellomcpi
1187 2225 1283 2294 ποσό-

181 2355 272 2416 τητος
292 2334 390 2396 Crem.
411 2330 447 2393 tt.
468 2328 538 2392 302.
560 2328 677 2391 additur
697 2329 814 2409 σιμίχη,
847 2326 930 2408 qnod
959 2326 1064 2387 nescio
1092 2342 1133 2387 an
1165 2328 1282 2391 semini·

181 2447 253 2495 utrm
275 2432 314 2493 sit
337 2429 454 2510 proprii
476 2427 611 2506 Σίμιχος.
637 2425 728 2489 ntiae
750 2424 841 2487 nobis
861 2425 988 2503 largitur
1009 2422 1187 2498 Hesychius
1207 2439 1283 2505 σμυ-

181 2530 248 2610 λίχη
269 2529 326 2590 τοῦ
348 2527 442 2607 ζυγοῦ
462 2519 498 2587 τὸ
519 2525 620 2605 τρῆμα
640 2519 674 2585 ἐν
695 2511 720 2608 ᾧ
743 2517 760 2584 ὁ
782 2518 935 2602 ἱστοβοεὺς
955 2514 1183 2599 coepeperunt,
1205 2522 1281 2603 qued

183 2627 312 2705 aepitp
340 2626 358 2686 i.
381 2640 408 2701 q.
436 2619 539 2702 pinea)
562 2640 658 2685 orcae
680 2621 847 2684 derivatum
870 2637 941 2681 esse
965 2618 1142 2695 suspicatus
1166 2636 1234 2682 snm
1254 2622 1280 2683 in

181 2722 331 2802 ngtaepn.
353 2718 422 2785 839.
445 2720 571 2782 Generis
589 2721 726 2782 neutrius
742 2719 911 2797 exemplum
930 2718 1070 2778 norimus
1087 2716 1210 2778 nnieurn
1230 2713 1281 2777 αἱ·

181 2841 283 2903 ριχος,
312 2819 348 2882 de
376 2835 437 2896 qrro
467 2818 569 2881 dicere
597 2816 711 2880 didere.
752 2817 928 2896 ddjedeina,
956 2830 1033 2893 qtrtre
1056 2829 1280 2892 paragegorum

182 2934 293 2982 nomeu
322 2917 359 2979 ad
386 2933 421 2978 se
442 2915 598 2977 vindicare
627 2916 766 2994 possint,
794 2912 1019 2987 desideramus3
1055 2926 1124 2971 nam
1154 2913 1281 2992 μείλιχος

183 3017 425 3076 terminationem
443 3031 462 3075 a
479 3014 573 3076 verbo
588 3020 755 3092 mutuatnr;
777 3006 896 3090 ὁολιχός
917 3007 995 3070 nude
1017 3013 1120 3070 nutum
1143 3011 1186 3071 sit
1202 3010 1281 3091 iatci,

181 3105 344 3186 κονάριχος
364 3105 524 3187 γλαφυρός
545 3112 616 3171 Hes.
640 3111 667 3171 si
690 3113 758 3188 quis
780 3109 817 3171 tutl
839 3102 970 3187 κοναρός
990 3100 1164 3185 commotis,
1192 3111 1279 3181 πίων,

181 3205 310 3281 reierut,
336 3222 398 3266 nen
421 3221 604 3284 repugnent3
636 3221 704 3267 narn
727 3224 817 3267 surae
839 3206 887 3268 vel
909 3205 1045 3266 ceruices
1069 3211 1185 3268 teretes
1207 3210 1280 3287 pta·

179 3303 277 3381 φυραί
299 3302 357 3364 dici
379 3310 512 3382 pessunt
533 3310 563 3365 et
579 3296 747 3382 εὐτραφεῖς.
779 3304 840 3367 Sed
857 3301 938 3382 qued
957 3301 1175 3377 Tireognostns
1188 3322 1216 3383 p.
1229 3304 1277 3379 20,

179 3396 227 3462 25.
258 3400 372 3462 Arteed.
399 3400 492 3462 Bekk.
517 3400 604 3463 1382.
632 3401 711 3461 inter
740 3404 878 3476 neminen,
913 3416 991 3478 (puae
1020 3414 1038 3458 a
1066 3399 1188 3475 syllaba
1216 3388 1280 3481 ἦα

180 3496 347 3577 ordiuntur,
369 3496 453 3559 aiicrt
472 3493 627 3574 θρύψιχος
647 3494 780 3577 φοβερός
801 3507 831 3561 et
853 3497 1023 3575 Hesychius
1039 3493 1197 3575 θρυψιχός
1209 3520 1278 3577 apo

177 3590 280 3673 φερός,
304 3595 448 3671 suspicor
468 3591 615 3654 mendose
637 3596 784 3673 scriptum
808 3614 879 3658 csse
896 3613 951 3675 pro
973 3594 1154 3671 θρυψίχρως
1168 3618 1278 3678 τρυφε-

177 3686 292 3772 ρόχρας
319 3690 389 3751 Hcs.
425 3690 471 3751 Ea
499 3689 651 3752 adverbiis
682 3691 740 3752 huc
761 3695 892 3770 pertinet
922 3686 1013 3770 daupei
1035 3681 1092 3761 ὀψέ
1116 3689 1277 3768 Βυζάντιοι

176 3786 248 3851 Hes.
271 3787 352 3868 qtrod
376 3793 502 3866 prepter
524 3788 773 3864 significationem
798 3791 992 3868 temporalem
1016 3803 1082 3849 curn
1106 3781 1207 3867 ἡνίκα,
1228 3814 1276 3872 τη-

175 3884 247 3945 νίκα
274 3883 490 3945 centercndum
512 3884 646 3965 videtur,
676 3885 830 3948 sedidem
853 3895 998 3949 accentus
1022 3902 1118 3948 eatusu
1141 3888 1275 3970 (siquid

176 3977 243 4041 fidei
265 3980 388 4057 habeat)
411 3996 467 4058 pro
490 3981 640 4060 adjectivo
663 3984 771 4063 pinnati
794 3986 892 4063 accipi
915 3991 1028 4064 potest.

256 4081 284 4148 ς.
306 4076 349 4157 3.,
376 4077 494 4141 Rursus
510 4080 647 4142 omicron
659 4089 690 4144 et
703 4082 826 4161 ypsiion
841 4088 1004 4164 conjuncte
1020 4083 1169 4148 tractabo.
1201 4085 1273 4151 Natu
