2648 4756
183 321 254 389 366
304 338 307 343 ·
353 314 356 319 ’
501 315 827 383 bissunrnrto
856 314 931 380 vlll.

186 486 251 551 liic.
273 484 326 548 lu
345 481 416 547 814.
451 481 537 543 llaec
563 481 629 543 iota
657 480 751 543 breve
772 480 903 559 habeut3
935 479 1059 560 longum
1078 496 1153 543 uero
1175 475 1292 560 ἔριθος,

186 579 335 662 &piabor
354 580 468 644 Bacchi
490 579 657 642 commilito
683 578 783 642 Nonn.
803 572 953 659 pre'pprboc
975 585 1005 640 et
1024 578 1158 661 papptttp
1179 596 1209 640 u.
1229 578 1292 641 Pa·

184 679 250 743 rell.
280 677 348 743 107.
396 679 552 741 Femiuina
579 684 650 740 sunt
671 678 801 758 Aaulttp
829 677 902 739 urbs
929 676 1147 759 Lapitharum,
1173 679 1290 758 καπίθη

182 793 338 854 mensura,
360 779 410 840 cui
431 777 542 840 similia
563 770 687 847 καπέτις
709 775 782 853 (luoc
803 776 947 855 accentu)
968 769 1124 854 κάμασσις
1143 770 1289 856 μέτρονιι

182 874 257 939 lles.
281 879 369 955 eopia
391 874 474 955 quod
495 875 672 938 Priscianus
694 889 838 952 graecum
860 889 933 935 esse
955 880 1073 957 censet,
1097 880 1131 937 et
1153 874 1288 954 caprum

184 990 326 1054 quaeque
347 972 426 1037 idem
448 974 541 1036 refert
556 974 686 1054 Σαμιθη
706 966 835 1051 &eppe
853 992 883 1032 τι
902 978 933 1034 et
947 967 1047 1053 ἄμιθα
1067 970 1185 1054 ἔδεσμα
1203 970 1289 1035 ποιὸν

184 1069 238 1134 καὶ
258 1066 395 1152 ἄρτυμα,
414 1064 553 1153 §aptatos
573 1071 661 1152 (post
678 1063 835 1151 ἀμιθρεῑν)
855 1071 972 1150 patrio,
994 1071 1046 1135 ubi
1067 1067 1192 1152 ἄμυλον
1213 1072 1289 1134 scri-

184 1169 330 1249 bendum,
363 1169 446 1250 quod
472 1178 596 1233 veteres
616 1170 716 1233 latini
738 1168 869 1230 amulum
892 1175 922 1231 et
944 1170 1074 1233 similam
1094 1169 1238 1234 dixerunt
1258 1175 1289 1233 ut

184 1266 404 1334 Germanorum
425 1268 563 1331 nonnulli
583 1266 790 1329 Arnnratmett
809 1265 840 1329 id
862 1273 910 1329 est
931 1267 1128 1351 lr’rosimebt,
1157 1268 1289 1331 deterior

183 1376 273 1431 aetas
299 1367 472 1431 amidouum
502 1385 530 1429 v.
562 1367 609 1428 llu
631 1365 725 1443 Cang.
754 1362 836 1443 quod
865 1382 932 1428 cunr
960 1368 1082 1445 graecis
1111 1368 1232 1448 capitia
1259 1374 1288 1429 et

184 1461 284 1546 cipitia
304 1466 370 1529 sive
391 1462 508 1548 ἅμιθον
528 1464 687 1542 conuenit,
714 1478 815 1541 neque
836 1462 927 1542 louge
948 1464 1018 1527 binc
1039 1469 1216 1544 sejunctum
1245 1471 1290 1528 est

183 1560 271 1647 ἄμης.
298 1565 460 1646 Adjectira
473 1563 557 1627 nulla
570 1561 762 1641 reperiuntur
775 1560 835 1622 nisi
851 1564 1025 1642 composita
1038 1559 1197 1643 εὔκριθος,
1211 1558 1289 1625 διιέ-

183 1668 276 1737 mbos
290 1671 348 1727 eto.
371 1679 441 1725 uam
461 1657 592 1733 κάκυθος
614 1661 681 1722 sire
703 1653 850 1735 κακυθός,
879 1660 961 1739 qnod
989 1663 1131 1742 magistri
1151 1662 1289 1741 Byzantii

183 1758 330 1825 κάκιστον
349 1761 606 1839 interpretantur,
627 1757 751 1837 grauior
765 1762 875 1820 auctor
885 1757 1037 1821 Arcadius
1049 1767 1197 1840 tanquam
1213 1777 1289 1839 oup-

183 1864 289 1921 touum
302 1857 672 1938 macroparalectumoum
686 1851 805 1937 βοηθὸς
822 1856 988 1934 componit.
1016 1857 1119 1921 Prima
1133 1861 1289 1939 positione

183 1960 269 2018 caret
290 1954 467 2018 adverbium
487 1951 584 2037 ἤλιθα
604 1948 689 2034 παρὰ
708 1947 744 2016 τὸ
765 1948 832 2026 ἅλις
861 1953 964 2018 Scluol.
987 1954 1043 2019 Orl.
1065 1955 1116 2020 IX.
1138 1956 1212 2022 330.
1240 1958 1288 2037 qui

181 2053 368 2117 homericum
390 2071 480 2117 usum
501 2059 651 2134 sequutus
673 2056 739 2131 est3
762 2051 936 2132 complures
956 2050 1058 2136 μάτην
1077 2056 1289 2135 interpretau-

183 2159 232 2217 tur
260 2151 342 2215 ducti
365 2154 501 2215 fortasse
524 2147 720 2214 similitudine
748 2148 967 2228 adjectivorum
993 2143 1081 2232 ἠλεός
1104 2160 1137 2216 et
1157 2147 1287 2236 punice

180 2250 318 2315 Aliarum
340 2251 585 2313 terminationum
606 2247 752 2311 memoria
773 2247 872 2326 nulla;
902 2265 972 2310 nam
994 2265 1050 2328 pro
1071 2243 1130 2312 τὸν
1149 2247 1288 2333 populatio

181 2350 277 2413 Arist.
299 2349 364 2410 llir.
384 2348 457 2412 llll.
479 2347 551 2425 833,
575 2346 624 2411 25.
647 2362 727 2408 nuuc
747 2341 856 2426 μαριὲα
876 2345 989 2409 editum
1009 2352 1076 2429 est,
1102 2364 1220 2414 nomen
1241 2352 1287 2415 la-

182 2446 263 2529 pidis
285 2463 375 2526 quom
396 2446 447 2509 ille
469 2462 537 2509 oum
556 2443 686 2528 opoptin
708 2450 875 2524 comparat.
947 2462 951 2469 ·

266 2567 296 2634 §-
319 2560 347 2623 3.
391 2559 478 2633 Quod
498 2560 641 2640 Ephorus
671 2560 822 2623 Curmaeus
851 2560 882 2621 in
905 2558 1076 2622 enarranda
1098 2559 1284 2628 Graecorum

182 2658 313 2722 historia
334 2673 430 2737 saepe
453 2659 554 2720 lacero
577 2665 704 2722 coactus
727 2666 791 2737 est,
825 2674 916 2738 quum
938 2657 1106 2737 populares
1130 2677 1210 2725 suos
1231 2679 1284 2725 ue·

183 2772 243 2836 que
263 2755 386 2818 silentio
410 2758 579 2836 praeterire
601 2757 693 2820 uellet
713 2774 813 2837 nequo
836 2756 875 2819 ob
898 2772 961 2818 rern
983 2756 1147 2833 insiguiter
1168 2767 1284 2839 gestant

181 2856 346 2920 memoriae
363 2853 494 2934 prodero
506 2861 625 2937 posset,
647 2862 680 2917 ut
702 2855 762 2918 hoc
782 2857 882 2934 ipsum
905 2855 1056 2916 enarratis
1076 2853 1210 2920 aliorum
1230 2874 1284 2937 ge-

183 2956 242 3019 stis
269 2952 436 3032 subjiceret
466 2957 609 3031 tanquam
636 2967 757 3016 versum
785 2952 1014 3033 intercalarem,
1054 2952 1212 3018 Cumaeos
1234 2972 1285 3036 per

183 3050 243 3112 boo
264 3057 384 3127 tempus
406 3050 479 3111 nibil
501 3052 614 3135 egisse,
636 3052 715 3115 inem
736 3051 806 3113 milri
828 3067 951 3130 quinque
968 3049 1005 3113 ne
1020 3051 1208 3130 quibusdam
1223 3061 1285 3118 ter·

182 3146 400 3210 minationibus
428 3146 587 3210 dicentium
616 3157 673 3212 est.
724 3150 776 3213 Sic
805 3156 834 3210 et
865 3150 1002 3211 omicron
1031 3150 1071 3212 ob
1098 3149 1175 3212 uiluil
1207 3151 1284 3215 aliutl

183 3259 388 3308 commemoro
410 3259 500 3322 quam
521 3262 560 3307 ne
583 3247 697 3311 oblitus
719 3263 791 3310 esse
812 3245 925 3309 videar.
959 3246 1036 3310 Nam
1057 3243 1203 3329 ἅρῥοθος
1223 3256 1283 3315 sire
1323 3286 1324 3299 κ

180 3339 338 3424 conponor
358 3341 559 3422 undecunque
582 3352 697 3428 ortum,
720 3351 804 3408 certe
826 3360 887 3406 nou
908 3360 1096 3424 paragogum
1120 3355 1186 3425 est,
1216 3343 1283 3412 tue

180 3447 317 3520 λουθος,
341 3440 423 3522 quotl
446 3440 638 3504 Grammatici
660 3437 866 3522 ὅμοκέλευθος
885 3444 1143 3522 interpretantur,
1167 3463 1283 3510 eonne-

181 3559 253 3606 xum
275 3540 394 3602 videtur
416 3540 510 3601 verbo
532 3542 642 3615 uenti»,
664 3535 766 3602 ἐλθεῖν
786 3541 858 3604 lles.
882 3544 970 3618 cujus
986 3541 1131 3604 usitatior
1152 3552 1202 3607 est
1219 3547 1282 3608 lor-

182 3657 232 3705 ma
259 3641 370 3720 polein.
413 3636 546 3699 Arabiae
572 3646 679 3715 portus
702 3633 874 3718 Χαρμόθας
903 3640 1003 3702 Strab.
1024 3638 1100 3704 xvl.
1124 3642 1195 3706 777.
1219 3645 1281 3706 sivo

183 3731 375 3818 Χαρμουθάς
389 3736 462 3815 (sic)
476 3734 564 3798 lliotl.
575 3735 622 3798 lll.
636 3736 685 3798 43.
698 3731 863 3808 Μένουθις
876 3737 950 3799 urbs
965 3740 1097 3816 Aegypti
1108 3738 1121 3778 ³
1134 3747 1166 3802 et
1181 3749 1280 3804 cetera

181 3838 323 3901 barbara.
368 3834 427 3899 Setl
456 3834 548 3896 latius
577 3851 612 3897 so
640 3833 755 3897 ditludit
783 3834 916 3916 ppsilou,
949 3838 1036 3913 cujus
1060 3837 1120 3898 tria
1144 3838 1280 3919 exempla

181 3981 471 3992 —u———-

251 4053 279 4117 3]
298 4052 391 4105 Arcad.
411 4070 436 4120 p.
456 4056 497 4119 30,
516 4055 541 4110 5.
561 4052 590 4104 τὸ
610 4057 721 4119 ταμίθις
737 4054 783 4106 καὶ
800 4054 932 4120 μενοῦθις
950 4056 996 4106 καὶ
1021 4053 1180 4126 reparantia.-
1200 4053 1276 4123 βαρέ-

181 4151 265 4193 vernt,
285 4147 336 4188 scr.
354 4137 491 4199 Ταμίαθις
510 4149 541 4191 ex
559 4135 657 4192 ⁴luced.
682 4136 763 4194 bell.
783 4136 856 4193 rtet.
875 4140 1013 4196 Μένουθις
1029 4144 1057 4195 et
1074 4139 1240 4206 Θέρμουθις.
