2648 4756
103 334 174 401 876
434 324 760 390 lJlSSlilll'thO
797 323 871 386 illl.

107 534 147 547 -
168 494 365 575 Σνβερείτης,
395 485 501 571 Δέρβη
530 485 663 569 Δέρβεια
683 525 723 535 -
750 485 804 551 καὶ
825 474 1154 566 Arplleieapg‚‘1lipaoa
1177 518 1211 527 -

113 594 260 675 Ταμειτης
291 588 396 669 Steph.
428 587 484 652 sed
519 586 722 669 appellativa,
758 602 838 665 quae
869 584 1089 663 theognostus
1121 581 1217 661 allent,

107 688 297 771 τραπεζειτης
317 694 347 749 et
370 686 502 769 ἱερείτης,
525 685 605 767 apud
632 686 804 765 scriptores
826 700 889 745 uon
910 680 1109 761 reperiuntur
1130 698 1158 742 r,
1179 678 1215 741 ad

108 790 219 853 Buttm.
240 784 313 849 433.
335 785 478 866 quodque
500 786 630 848 nummis
652 786 833 863 inscriptum
863 787 911 844 est
939 774 1217 855 Ἀποϋοοιερεῑται

108 886 170 950 hoo
192 892 241 948 est
262 883 384 947 incolae
411 884 497 947 urhis
523 883 638 961 Lydiae
668 883 716 945 eni
737 897 849 945 nomen
872 873 1070 951 Ἀπόιιωνος
1091 871 1175 955 ἱερόν
1191 894 1216 937 ε.

109 982 237 1049 Eehhel.
260 982 366 1045 Doctr.
385 981 473 1044 Num.
498 981 530 1044 T.
552 981 601 1045 lll.
622 980 672 1045 93.
694 980 915 1060 diphthongum
937 994 994 1058 pro
1020 978 1086 1039 iota
1108 975 1218 1038 hahere

111 1088 242 1162 apparet
262 1096 300 1142 er
321 1080 413 1143 simili
434 1072 512 1152 Διὸς
532 1074 620 1157 ἱερόν
639 1080 828 1158 Διοςιερίτης
849 1075 953 1155 Steph.
976 1091 1081 1154 neque
1110 1073 1220 1152 injuria

112 1176 292 1255 Bernhardy
320 1177 358 1240 ud
382 1176 465 1241 Suid.
489 1178 521 1241 T.
541 1178 563 1241 l.
590 1177 660 1241 939.
688 1184 866 1257 suspectum
898 1174 1004 1237 habuit
1030 1170 1217 1253 βαλανείεης,

113 1294 171 1359 pro
193 1292 254 1355 quo
278 1275 437 1354 l‘olyhium
459 1272 648 1357 βαλενεοεής
669 1276 837 1355 scripsisse
858 1272 994 1336 arbitror
1005 1278 1038 1333 ut
1057 1264 1222 1353 φονειπής,

115 1374 227 1439 Suidus
250 1381 349 1436 autem
371 1391 397 1439 s.
419 1369 620 1454 Βαιονεώεης
641 1374 710 1436 sino
731 1372 823 1436 duhio
851 1370 1040 1451 gentilicium
1064 1368 1221 1448 signitica-

49 1484 52 1489 ·
114 1472 167 1535 nit.
212 1471 345 1534 Tertium
368 1488 467 1551 genus
489 1480 538 1535 est
559 1470 685 1534 verhale
706 1487 767 1533 uno
789 1470 966 1549 insignitum
988 1467 1133 1548 exemplo
1148 1459 1222 1528 ἇιεί·

114 1592 185 1652 της,
215 1568 299 1650 quod
327 1568 521 1633 Grammatiei
547 1572 594 1633 sie
623 1569 718 1632 scribi
754 1568 862 1631 uolunt
890 1564 938 1629 ὅτι
971 1560 1223 1643 emmeramum

115 1663 202 1755 αὐτῷ
228 1666 265 1731 τὸ
291 1661 421 1747 ἀλοίεης.
473 1664 626 1730 Καθόλου
651 1662 685 1729 δὲ
712 1660 751 1728 τὰ
781 1664 890 1747 ἔχοντα
910 1660 946 1728 τὸ
966 1671 987 1746 ἠ
1008 1658 1222 1745 ἆνεεπαρακεὶ-

115 1790 218 1849 μενον,
241 1762 346 1845 ἔχουσι
364 1762 401 1827 τὸ
417 1752 436 1826 ε
455 1761 636 1846 ἐγκείμενον·
658 1760 680 1846 ἢ
708 1760 755 1827 ὅτε
782 1760 861 1827 κατὰ
887 1758 1030 1845 eiciendo
1051 1759 1222 1839 διάλεκτον,

117 1866 183 1929 scil.
210 1860 244 1925 lu
273 1864 331 1925 τοῦ
367 1858 484 1945 &deincps
516 1859 642 1944 γέγονεν
668 1858 791 1945 diolcos
824 1859 867 1937 ὥς
893 1860 1012 1946 ὄνειρος
1039 1862 1223 1943 Epimeni

116 1962 166 2027 28.
187 1962 357 2025 l‘ostremis
383 1963 486 2025 uerbis
509 1962 624 2026 diserte
646 1962 782 2027 declarat
804 1957 922 2044 ἀλειτης
950 1960 1151 2026 scribendum
1173 1977 1226 2023 es-

108 2076 152 2121 ·se
174 2060 245 2138 quia
267 2076 324 2141 pro
347 2076 385 2122 eo
414 2058 523 2123 dicitur
551 2054 681 2143 ἀλοιεης.
723 2062 830 2125 Priora
852 2061 994 2141 ambigua
1022 2066 1106 2122 suut.
1149 2058 1225 2121 Nam

118 2158 146 2219 si
168 2158 211 2219 itu
232 2159 358 2237 scripsit
380 2165 413 2219 ul
435 2157 548 2220 editum
567 2167 616 2222 est
637 2155 676 2222 τὰ
695 2156 803 2240 ἔχοντα
824 2153 859 2221 τὸ
882 2158 900 2240 ἡ
920 2151 1225 2237 ἀενιπαρακείμενον,

119 2272 176 2335 pro
198 2253 320 2337 ἀλοιτης
341 2254 550 2336 reponendum
572 2264 619 2320 est
641 2251 762 2338 ἀλήτης,
785 2256 867 2336 quod
890 2258 949 2319 etsi
962 2264 1121 2319 momento
1145 2272 1226 2335 quo

119 2353 187 2417 dam
210 2354 308 2417 differt
330 2354 369 2415 ab
391 2347 523 2434 ἀιείτης,
551 2363 651 2417 tamen
679 2356 718 2417 ab
748 2355 854 2419 eadem
882 2357 980 2435 stirpe
1006 2352 1132 2416 ductum
1155 2369 1226 2417 esse

120 2460 257 2532 apparet.
301 2451 363 2515 Sed
385 2451 625 2514 Choerohoscus
648 2469 676 2531 p.
706 2452 774 2533 109,
802 2454 851 2517 21.
880 2463 910 2517 et
939 2455 968 2515 in
997 2451 1063 2515 ΕΜ.
1093 2450 1151 2532 ot,
1178 2452 1225 2515 45.

119 2540 237 2630 intres
257 2550 432 2628 diociiopp’ov
454 2544 500 2610 ὅτι
521 2542 663 2630 ἀνεφάνη
693 2547 729 2611 τὸ
757 2560 778 2613 δ
807 2547 840 2613 ἐν
866 2552 909 2636 τῷ
938 2544 1075 2630 ‹trottes-
1102 2544 1143 2610 τὰ
1170 2543 1226 2628 γὰρ

119 2640 228 2723 ἔχοντα
254 2641 290 2708 τὸ
318 2650 336 2707 o
364 2640 616 2726 ἀναφαινόμενον
651 2644 755 2727 ἔχουσι
781 2644 817 2711 τὸ
848 2642 866 2711 ε’
892 2645 1083 2728 ἐγκείμενον,
1113 2651 1225 2725 σπείρω

120 2738 232 2819 oneph,
255 2736 371 2825 ἀλείφει)
393 2739 520 2826 ἀλοιφή,
544 2762 600 2825 pro
616 2746 726 2825 quibus
740 2747 847 2809 afferre
864 2754 986 2826 poterut
1005 2746 1110 2825 paullo
1123 2748 1225 2827 aptius

119 2842 220 2920 κεῖμαι
253 2847 374 2920 κοῖτος,
413 2845 469 2906 sed
494 2862 532 2906 ne
562 2844 622 2907 hoe
654 2845 774 2924 quidem
804 2845 902 2907 simile
931 2852 1000 2921 est3
1037 2860 1109 2905 nam
1137 2843 1226 2922 hujus

122 2938 210 3003 litera
229 2940 252 3003 ἱ
272 2940 310 3005 ud
331 2943 574 3005 terminationem
598 2944 739 3023 pertinet,
761 2935 879 3023 ἀλειεης
900 2960 974 3004 uero
998 2941 1037 3004 ab
1051 2934 1148 3002 ἀλίτω
1164 2944 1227 3003 sire

120 3029 226 3097 ἀλείτω
247 3048 399 3116 repetunt.
442 3039 530 3114 Quod
553 3042 580 3103 si
603 3058 739 3120 eaquae
762 3041 954 3104 Grarnrnutiei
977 3040 1093 3117 inungunt
1120 3039 1226 3102 eudem

121 3131 189 3210 lege
220 3142 361 3197 tenentur
381 3152 441 3215 quta
463 3138 603 3200 fictiones
622 3140 716 3215 juris
745 3140 855 3216 quilius
878 3139 1104 3217 praescriptum
1127 3144 1227 3200 estut

121 3227 208 3305 fictio
231 3236 383 3294 tiatttront
404 3240 576 3314 saepiuntur,
607 3236 658 3297 illa
687 3243 770 3297 certe
799 3236 922 3315 probari
951 3243 1125 3315 irequeunt,
1159 3236 1228 3314 quia

122 3328 196 3389 nulli
216 3330 312 3392 verbo
334 3346 447 3409 graeco
474 3333 543 3395 talis
566 3349 718 3395 concessa
734 3341 780 3395 est
795 3349 950 3412 paragoge
963 3319 1028 3408 tt—e,
1046 3321 1131 3411 ἷιῖεἶ,
1156 3318 1230 3397 ‹Tn'ei

123 3435 181 3489 ete.
202 3428 354 3502 Quantum
382 3429 522 3508 equidem
550 3432 728 3510 perspicere
757 3448 902 3512 possum,
931 3449 990 3493 una
1015 3439 1063 3493 est
1095 3434 1228 3495 nominis

125 3524 222 3585 lorum
251 3525 383 3603 legitime
412 3534 584 3607 propagata
613 3522 725 3609 ἀλήτης
753 3538 785 3590 ut
816 3526 978 3610 πλανήτης.
1031 3528 1130 3602 Quium
1155 3548 1226 3593 nero

124 3639 254 3684 irrecesse
285 3623 438 3685 uideretur
469 3626 506 3687 ab
536 3641 646 3687 errone
674 3625 861 3705 distinguere
890 3644 958 3689 eum
987 3628 1038 3706 quui
1061 3627 1101 3689 ab
1126 3630 1227 3692 otheio

124 3722 256 3801 aberrat,
279 3721 390 3800 duplex
412 3724 461 3784 viu
482 3723 618 3803 putebat,
640 3733 672 3785 ut
693 3731 745 3786 uut
773 3724 811 3786 ab
840 3726 985 3787 inusitato
1013 3718 1118 3786 ἀιὲω4
1146 3726 1229 3789 deri-

125 3826 247 3881 rarelnt·
270 3812 375 3901 dtirpg
398 3827 429 3882 ιιι
449 3815 578 3903 αἰνέτης,
599 3816 727 3903 eripiens,
751 3829 781 3885 el
803 3822 948 3903 deinceps
972 3839 1026 3904 pet
1046 3824 1228 3902 epcnlltesin

236 3964 256 3971 .-
268 3964 292 3971 --,
302 3964 427 3973 ..ῳ-...-

190 4044 219 4105 dl
239 4044 384 4110 Hesychius
400 4046 485 4097 ’.ιλεεῖ
501 4046 565 4111 [sie]
584 4045 684 4105 uidenti,
703 4047 737 4101 de
755 4062 806 4113 quio
825 4047 886 4099 mutui
905 4062 956 4101 non
975 4048 1082 4100 duhinm
1102 4056 1142 4103 est
1168 4052 1227 4117 quio

124 4145 182 4183 rum
201 4128 315 4194 «tioium
335 4136 362 4184 et
379 4128 500 4195 ultricum
520 4131 702 4185 communione
719 4131 807 4196 stirpis
826 4133 990 4197 conjunctum
1008 4132 1050 4182 sit.
