2648 4756
58 348 109 413 DE
129 347 224 415 ΝΟΜ.
246 347 412 426 Quonunl
433 347 545 413 CHAR
566 346 642 413 EST
657 345 875 413 GUTTURAL.
898 347 1074 426 c.11.§.3.
1096 351 1160 418 317

56 515 284 596 perispomenis
305 514 443 578 nelenali
468 506 637 594 Εὐρυιιιῖυ,
667 510 840 595 Δεξικρῶν,
869 515 1049 594 Καυικῶν,
1077 521 1160 600 Αιγι-

55 613 130 690 xciv,
148 606 337 694 Ἡρακλέους
356 606 429 690 ὅπερ
452 604 582 685 Ἰλιάδος
607 605 731 692 γράψας
756 606 949 691 Ὀδυσσείας,
974 606 1159 696 Campanae

56 705 136 772 ὁτα
158 707 364 797 Σαμοθρᾴκια
382 706 505 790 γράψας
525 732 557 774 ιι.
579 714 658 773 Μον
688 729 717 791 p.
737 710 765 774 e.
787 727 849 791 quo
871 711 941 774 loco
962 714 1157 781 scribendum

57 816 107 873 esl
138 810 267 891 Διγικῶν
293 802 310 869 ὅ
332 802 531 891 Ἡρακλέους,
556 803 720 892 Ἡρακλῶν
746 802 764 871 ὁ
789 806 859 888 περὶ
883 805 1011 884 ’licoides
1036 809 1158 895 γράψας

54 906 110 971 καὶ
127 903 312 983 'alemenae
334 924 403 970 nam
421 903 600 989 Ἡρακλέων
620 906 753 990 ἔγραψεν
773 902 942 990 ὑπόμνημα
962 907 1004 981 εἰς
1016 904 1158 994 ’Όμηρον

55 1007 142 1073 Suid.
185 1006 262 1069 Hinc
280 1007 373 1085 igilur
394 1014 585 1070 coulraclum
607 1015 655 1070 esl
666 1002 828 1086 Ἡρακλῶν
841 1015 873 1069 ul
886 1001 1059 1089 Δεξικρέων
1073 1010 1157 1085 Δεξι-

54 1106 148 1187 κρῶν,
165 1099 361 1185 Ἑρμοκρὲων
376 1099 564 1186 Ἑρμοκρῶν.
608 1106 718 1168 Verum
738 1100 921 1188 Ἀθιγυακώυ
941 1105 1020 1169 unde
1036 1106 1156 1172 landem

57 1204 213 1268 coaluisse
241 1202 403 1267 dicemus?
444 1203 522 1267 Num
553 1221 591 1266 ex
617 1197 850 1285 Ἀθηνακόωνῖ
893 1205 946 1268 Sic
976 1220 1053 1267 sane
1080 1222 1158 1270 oen-

56 1304 160 1367 snisse
182 1301 300 1364 uidetur
322 1301 488 1364 Franclnins
512 1305 563 1383 qui
582 1302 619 1364 ad
642 1303 737 1367 lnscr.
766 1303 898 1366 llielnler.
919 1302 989 1367 518.
1013 1296 1159 1385 Ἡρακών

55 1419 125 1465 omn
153 1400 324 1482 Διγμοκῶν,
350 1394 500 1479 Ἡροφῶν
528 1407 558 1462 el
585 1401 735 1464 similibus
764 1402 930 1465 contendit.
979 1403 1020 1464 Al
1049 1402 1158 1467 horum

56 1500 198 1580 exemplo
227 1499 462 1561 convenientius
490 1498 571 1561 lorel
593 1489 777 1578 Ἀθιγνοκῶν
804 1516 892 1579 quam
920 1493 1160 1582 ’slnquaxcivfll

56 1597 141 1679 qnod
160 1598 266 1659 nescio
289 1595 362 1675 quid
384 1612 455 1658 csso
477 1596 579 1676 possit
601 1597 660 1658 nisi
676 1596 806 1676 simplex
821 1592 1160 1679 οαἈθιγναιιίωνοοιι-

56 1703 187 1760 lraclnm
210 1701 242 1756 nl
264 1687 373 1773 ἀργίας
394 1687 491 1774 ἀργᾶς
511 1693 548 1756 cle
571 1711 632 1774 quo
654 1693 752 1756 diuam
774 1696 805 1757 in
826 1696 956 1760 Dissenl.
977 1694 1013 1759 X.
1045 1695 1158 1758 liubilo

57 1802 159 1857 tamon
180 1810 220 1854 nn
241 1791 435 1855 Herodianus
457 1793 504 1855 sic
522 1808 585 1854 nou
606 1793 776 1872 scripserit.
816 1794 893 1857 liam
908 1794 959 1857 ille
978 1793 1160 1858 Samothra-

57 1895 173 1956 ciannm
202 1907 302 1953 rorum
331 1893 465 1973 scriptor
492 1890 531 1953 ab
559 1890 627 1954 aliis
656 1891 787 1954 Allneuio
817 1893 926 1956 elicitur
952 1909 980 1956 v.
1007 1893 1158 1974 Aglaoplu

58 2008 86 2072 p.
112 1990 200 2053 1220.
223 1989 353 2052 Moinok.
375 1989 452 2052 llisl.
474 1989 558 2053 Com.
579 1986 649 2053 489.
673 1995 704 2052 cl
724 1990 841 2070 Fragm.
857 1990 924 2054 Vol.
937 1991 984 2055 lV.
998 1990 1068 2056 lae.
1087 1993 1158 2057 lini'c

57 2096 160 2153 aulem
190 2088 318 2168 propius
347 2081 594 2169 οεῑἈθηνιιιῶν
620 2086 773 2150 inlusor.
802 2087 878 2150 Chia
904 2103 932 2151 n.
959 2087 1049 2153 2214.
1077 2095 1160 2172 quod

59 2188 98 2252 ab
118 2181 284 2269 Ἀθιγνικός
306 2186 440 2249 existere
462 2184 563 2265 poluit
584 2187 617 2245 ul
635 2176 818 2248 Ἀπελλικῶν
839 2185 876 2249 ab
902 2179 1074 2261 Ἀπελαικός
1094 2193 1160 2257 sive

56 2281 227 2366 Ἀπέλλιχος
247 2285 338 2348 Anlll.
361 2283 422 2346 Vll.
447 2283 516 2347 735.
541 2301 569 2345 v.
592 2282 623 2346 C.
650 2283 699 2346 lv.
730 2289 759 2357 §.
788 2282 814 2347 1.
858 2285 891 2347 Si
922 2300 997 2348 vero
1023 2278 1161 2369 Ἀθηνα-

58 2386 125 2448 nov
153 2385 183 2445 in
213 2401 271 2446 usn
299 2384 369 2463 luit,
398 2380 428 2443 id
450 2398 488 2444 en
505 2374 718 2462 Ἀθηναίων,
748 2381 879 2464 uldini,
907 2385 1065 2447 concisum
1087 2403 1160 2452 csse

60 2490 201 2564 nponlel,
230 2482 279 2544 cui
300 2480 412 2543 similia
439 2487 511 2542 sunl
536 2479 701 2541 Πιθακίων
721 2482 870 2560 cauponis
892 2498 1004 2545 nomon
1026 2483 1160 2564 Alcipln.

59 2583 107 2644 lll.
129 2580 218 2644 lli¹⁷
246 2579 418 2658 Δαμακίων
441 2585 469 2639 el
484 2572 641 2658 Ἡρακίων
662 2578 693 2638 in
715 2579 889 2658 epigraphis
916 2579 1049 2660 lapidum
1071 2584 1161 2647 laco-

59 2681 149 2742 nicis.
199 2678 253 2740 His
282 2684 382 2739 aulem
411 2684 544 2753 cognatu
571 2671 710 2756 ιιιθάιινιγ
738 2684 768 2739 el
796 2677 977 2757 ὅημακίὸιου
1006 2698 1066 2744 non
1098 2684 1159 2748 alio

60 2778 168 2841 rclcrri
191 2783 320 2856 possum
343 2790 432 2852 quain
455 2773 491 2835 ad
514 2772 609 2847 ιιίθαξ
631 2780 661 2836 el
682 2769 780 2853 ὀὴμαξ
802 2774 993 2838 deminnliva.
1035 2778 1101 2853 Quo
1123 2782 1160 2844 de

59 2892 174 2956 genere
195 2875 347 2935 noniinnm
367 2875 426 2934 liou
447 2872 576 2951 amplius
599 2871 757 2933 dicendum
787 2880 850 2954 esi,
879 2891 984 2936 eornm
1012 2877 1161 2954 lniplicom

61 2991 134 3037 esse
158 2973 395 3050 descriptionem
418 2987 473 3050 pno
498 2977 606 3031 nalura
633 2971 796 3048 gullurnlis
825 2972 855 3030 in
889 2987 978 3047 quum
1001 2969 1161 3051 excidunl;

61 3073 123 3135 alin
146 3071 225 3132 enim
247 3087 265 3130 a
287 3071 389 3132 verbis
412 3068 577 3131 derivatam
599 3066 713 3127 liabent
736 3074 766 3126 nl
794 3061 918 3146 ἁρπαζω
945 3061 1060 3146 ἅρπαξ,
1091 3070 1160 3136 aliis

61 3171 256 3234 exlrinsecus
279 3167 412 3229 accrevil
434 3173 466 3227 nl
488 3157 548 3241 ῥέω
569 3157 662 3241 ῥύαξ,
692 3168 722 3224 el
749 3169 797 3226 esl
821 3166 940 3227 lollium
960 3182 1057 3245 genus
1079 3172 1162 3250 quon

58 3270 206 3349 judicium
229 3264 437 3345 cognoscendi
468 3264 566 3325 aulerl
594 3264 665 3341 qnia
693 3264 765 3325 nillil
793 3263 873 3325 nllrn
901 3281 936 3326 sc
964 3264 1056 3329 habel
1083 3270 1162 3333 nudo

61 3368 162 3448 repeli
183 3366 295 3446 possit,
317 3363 400 3424 uelut
421 3357 508 3443 ἅβαξ,
529 3357 626 3442 βάραξ
642 3357 768 3442 (κάρυξ)
781 3358 908 3442 eponae
925 3363 1077 3444 (llrolme)
1092 3368 1163 3446 θρί.

60 3540 354 3553 ,ρ’-

133 3644 175 3709 lo]
199 3643 244 3695 l’ro
265 3643 438 3698 llennucreon
459 3641 514 3694 Cic.
538 3640 570 3694 dc
590 3641 643 3692 lm.
660 3638 679 3691 l.
694 3639 735 3703 39,
751 3641 792 3693 el.
812 3638 879 3705 upul
893 3638 1050 3694 Victorinum
1068 3645 1164 3698 rectius

63 3729 185 3784 scribitur
202 3727 387 3781 llenmocueon.

133 3828 176 3892 Π)
195 3825 268 3879 idem
288 3830 327 3879 est
346 3828 371 3877 iu
390 3823 531 3892 epigraphe
547 3822 628 3888 Episl.
646 3822 684 3876 18.
700 3826 725 3873 el
741 3822 779 3875 ln.
798 3819 866 3873 nunde
886 3819 1032 3873 lleinnelius
1051 3823 1076 3873 in
1092 3822 1164 3878 Coun.

63 3912 122 3966 l'ol.
142 3910 188 3964 lll.
206 3909 264 3963 298.
292 3912 451 3958 Ηιυιικνίοιν
472 3908 552 3965 allen,
575 3905 735 3957 connectione
755 3910 833 3955 laena
851 3909 878 3954 ut
896 3903 1005 3956 videtui.
1037 3904 1165 3960 Denniinn.

65 3998 112 4048 lim'
136 3994 188 4043 vim
213 3991 290 4045 habet
312 3989 471 4058 Κικιριὶκιος
490 4006 504 4043 a
523 3988 619 4042 Caleno
645 3985 730 4037 licium
755 3989 781 4038 in
806 3987 937 4041 invectiva
961 3988 987 4039 in
1012 3986 1166 4045 Ciceronem

66 4079 144 4131 Dion·
164 4075 236 4128 Cass.
253 4074 337 4127 XLVI.
353 4074 391 4128 18.
412 4065 432 4123 ὦ
453 4075 574 4141 Κικέρων
594 4068 607 4132 ἢ
627 4069 786 4135 Κικέρκουλε
806 4066 819 4130 ἢ
840 4068 984 4137 Κικεριὶκιε
1003 4070 1016 4134 ἢ
1038 4078 1165 4143 Κικίριῧε

67 4162 139 4227 (forl-
160 4159 298 4226 Κικίριχε)
320 4155 333 4221 ἢ
355 4161 377 4205 Γ
377 4157 509 4223 potacula.
