2648 4756
11 39 233 101 rapinamque
256 39 302 86 ms
326 39 417 85 enam
446 39 564 101 ρασιιις
589 39 687 103 poeno
710 39 854 84 nrnemrsr.
884 39 934 85 υι.
955 39 990 84 ιι.

12 109 98 198 πύλη
125 118 367 184 pientiam.
394 116 478 182 ἑστία
505 126 536 182 et
563 114 638 200 εὐνή
666 120 770 199 Eurip.
793 127 851 183 ete.
879 118 989 198 quibus

10 213 125 293 pititeta
146 216 293 280 substitui
314 225 447 298 possunt
473 214 695 298 βασιλεύουσα,
718 216 885 298 βασίλειος,
906 216 991 296 βασι-

10 308 45 375 ed
64 312 150 377 nano
171 315 263 379 modo
286 317 404 380 termae
425 333 520 379 sexus
543 317 688 396 propriae
707 315 884 398 βασίλιννα,
906 313 991 395 βασί

10 408 96 492 idqae
121 413 229 475 neseio
251 429 291 476 an
312 414 447 477 Thomas
474 414 625 493 signideet
645 414 693 477 tris
713 415 818 478 vernis
847 415 992 477 Βασίλεια

10 504 191 592 uideretur·
222 511 341 594 βασιλίς
360 507 464 593 μέντοι
484 509 539 575 καί
559 512 710 593 βασίλειος
729 507 818 586 πόλις
834 508 888 576 καί
909 511 992 576 οἰκία

10 606 57 680 ἔς·
91 600 134 672 οὐ
152 603 215 690 μὴν
236 607 289 673 καί
308 611 460 692 βασίλεια·
494 610 646 692 βασίλειος
668 602 700 674 d'
714 599 758 674 αὖ
777 605 877 691 μόνον
896 608 991 693 dnpp

10 701 51 767 ml
71 700 222 789 ἐπισιολὴ,
244 710 296 788 qui
318 709 345 771 si
365 703 406 773 οὐ
424 705 488 792 μὴν
507 706 560 772 καὶ
575 708 726 790 βασιλεία,
748 715 782 772 tlt
801 707 989 773 Bitschelitis

10 810 76 885 rtur,
96 805 288 888 scripsisset,
308 823 407 889 neque
428 825 534 871 verum
555 806 695 889 dixisset,
715 823 786 870 nam
807 806 991 888 adjectivum

10 922 25 964 ι
52 902 192 967 crebram
214 912 281 987 est,
309 921 409 986 neque
431 912 535 986 aptum
558 905 705 985 opposito
724 905 875 987 βασίλειος
895 898 924 968 d’
948 894 992 968 αὖ

29 1000 112 1082 qaod
138 1002 193 1065 itio
223 1003 327 1081 posito
348 1020 479 1083 prorsas
501 1018 763 1083 supervacaneum
784 1010 842 1068 est.
882 1004 992 1085 ltaque

10 1100 92 1162 otius
112 1101 266 1163 sententia
287 1106 352 1164 est:
382 1099 443 1164 duo
465 1108 537 1163 sant
559 1118 639 1182 quae
661 1102 798 1182 reginam
819 1100 991 1181 signidoent

29 1196 167 1278 penitere
188 1205 219 1261 et
242 1198 375 1279 βασιλλς,
397 1198 457 1261 noe
477 1200 560 1262 inter
578 1216 614 1264 se
634 1198 811 1263 diserimine
830 1196 913 1277 quod
934 1212 991 1261 se·

10 1312 19 1359 t
44 1310 109 1359 non
137 1294 332 1359 substantive
358 1296 451 1360 modo
480 1296 605 1380 dieitur,
634 1295 811 1362 sedetiam
839 1292 992 1374 adjective

23 1387 112 1467 πόλις
131 1394 151 1457 i.
165 1410 193 1474 q.
213 1394 365 1475 βασίλειος
384 1397 451 1459 sire
463 1394 608 1476 βασιλεία,
629 1393 706 1460 iliud
726 1410 800 1457 vero
823 1407 888 1456 non
906 1392 990 1476 item,

10 1487 83 1554 ’καί
101 1491 238 1574 βασίλεια
257 1493 336 1566 ναῦς
358 1488 475 1574 λέγεται
501 1487 543 1566 ὡς
569 1493 706 1575 βασίλεια
730 1487 811 1576 γυνή
833 1487 888 1557 καί
906 1491 991 1574 βασι-

10 1582 60 1671 rip,
82 1606 183 1672 neque
204 1591 341 1655 rieissim
354 1584 375 1674 ἡ
389 1591 540 1673 βασίλειος
552 1594 619 1657 sive
631 1592 768 1675 βασιλεία
785 1592 991 1674 substantive,

10 1702 58 1767 tro
80 1689 200 1767 sepino.
242 1689 324 1754 inter
343 1696 503 1771 atramque
523 1691 616 1771 igitur
635 1691 822 1772 positionem
842 1675 872 1762 a}
891 1697 923 1753 et
942 1675 992 1752 εἶα

12 1783 128 1850 ereedit
149 1785 232 1867 qood
252 1786 306 1851 ilia
326 1788 532 1868 epithetoram
552 1790 613 1851 ritu
632 1789 702 1852 aliis
724 1792 817 1868 atque
837 1786 908 1849 aliis
928 1803 992 1849 no·

10 1900 17 1946 ι
47 1882 256 1968 adhaerescit,
287 1884 365 1950 haee
386 1895 487 1951 antem
516 1887 663 1951 motionis
690 1886 768 1950 dnos
799 1899 862 1947 non
891 1884 990 1963 magis
1079 1945 1083 1953 .

10 1997 42 2045 nr
64 1997 155 2063 qoem
176 1985 256 2048 ettae
279 1985 511 2048 terminationes
538 1984 683 2050 sexuales
704 2004 785 2063 tona,
805 1995 886 2061 ισσα,
908 2003 991 2064 erpa,

10 2082 172 2162 ariterqne
193 2088 302 2162 peceat
322 2082 459 2164 βασίλεια
478 2082 595 2156 vemt*
616 2090 647 2147 et
660 2077 774 2145 θέαιαα
792 2076 910 2164 κεφαλή
932 2098 991 2162 pro

10 2179 27 2243 ιΙ
46 2175 180 2243 λάκαιοα
199 2176 336 2262 σκυτάλη
357 2196 414 2262 pre
435 2176 634 2265 preventa
665 2182 745 2262 Quin
761 2183 853 2249 etiam
868 2182 990 2246 inerant
