2648 4756
172 327 243 395 2⁹58
534 314 858 393 blssbnnntlo
883 323 957 389 tut.

178 492 350 574 peregrina,
373 489 554 554 Tlressalica
576 493 605 556 si
627 494 705 555 torto
727 491 776 555 vel
793 488 1000 553 Macedonica
1019 460 1180 566 repetitam
1202 505 1289 570 csse,

179 604 259 670 quae
282 589 418 651 tortasse
444 591 543 669 sigma
571 590 737 672 duplicavit
758 595 792 653 ut
811 589 985 667 Hesychius
1007 585 1178 658 Μεσοίδιος
1198 581 1290 665 μέρος

178 687 254 760 ἴσος.
302 689 424 769 Tarpeio
449 683 704 772 ἐπιβλεφαριδίων
726 688 836 767 Syrtes.
863 687 990 751 Eucom.
1019 684 1106 748 Cale.
1133 702 1163 764 p.
1184 685 1234 749 ab.
1254 685 1287 748 b.

180 777 267 859 οἶνος
287 787 449 868 coaptione
474 788 620 868 llippocr.
643 787 681 851 de
703 787 801 850 llorb.
824 786 872 849 lll.
893 784 963 848 321.
985 782 1018 845 Τ.
1042 782 1079 845 ll.
1104 783 1133 845 si
1155 782 1205 846 rel
1223 800 1287 847 ma-

180 884 266 948 ximo·
277 887 399 950 sincero
413 886 530 965 scripta
542 893 623 955 sunt,
635 887 660 924 ¹⁵
682 891 783 948 tamon
800 884 925 963 regulae
938 899 1001 945 non
1015 880 1173 959 obrogaut
1182 883 1287 962 quippe

182 980 273 1044 ducta
295 1000 313 1046 a
335 982 509 1047 nominibus
532 1000 588 1063 per
605 970 675 1057 ὧδὲ
695 982 867 1046 declinatis.
907 982 973 1044 lam
994 978 1032 1041 tle
1054 981 1178 1043 uentris
1199 1001 1288 1058 παρα-

181 1081 349 1162 yeaettrov
370 1081 473 1147 Sobel.
495 1083 528 1146 Il.
549 1083 596 1147 lt.
620 1082 687 1146 tlt.
709 1080 959 1163 προςγναθύδιον,
980 1079 1218 1159 παραστιχίδιον
1237 1088 1287 1143 etc.

183 1194 222 1242 nc
251 1198 330 1259 opus
354 1179 475 1261 quidem
497 1189 545 1244 est
568 1180 749 1262 admonere,
782 1186 927 1259 quantum
949 1176 1143 1255 οπερίδιος
1163 1184 1194 1240 et
1214 1169 1286 1239 ύνο-

182 1278 334 1356 maenaa
353 1277 483 1360 obstent,
512 1276 594 1359 quod
616 1294 634 1339 a
656 1277 805 1356 Dionysio
830 1282 1026 1357 usurpatum,
1053 1275 1093 1338 ab
1117 1272 1288 1339 Herodmno

183 1375 404 1453 reprehensum
427 1376 620 1457 suspicabar.
663 1375 758 1450 Quam
781 1378 990 1453 conjecturam
1018 1373 1141 1453 siquis
1163 1375 1288 1437 inuentis

184 1473 370 1537 certioribus
392 1473 582 1553 ablegarent
604 1472 641 1535 ad
661 1466 854 1555 ὑποπτέρους
875 1466 1024 1553 ὀνείρους,
1045 1473 1201 1535 remittam
1223 1472 1289 1536 loc·

187 1573 240 1634 tac
262 1571 372 1636 libens.

268 1699 297 1764 ς.
320 1693 348 1755 3.
391 1692 476 1765 Quae
496 1691 637 1754 vocalem
659 1692 678 1754 ὃ
700 1691 856 1774 obtinent,
889 1708 988 1771 pauca
1016 1696 1087 1754 suut
1116 1708 1178 1754 nec
1200 1709 1290 1773 para-

183 1802 275 1869 goge,
297 1784 453 1867 σκόροδον
473 1787 557 1868 quod
579 1805 647 1852 cum
667 1786 829 1872 κρόμμυον
850 1797 1014 1869 cognatum
1036 1787 1176 1865 ridetur,
1203 1783 1290 1870 ἁρμύ

184 1881 252 1956 broc
272 1886 413 1968 verbale,
436 1892 467 1949 et
495 1888 657 1966 peregrina
684 1884 857 1970 Μερμύδας
884 1888 992 1950 llnvius
1022 1886 1125 1950 Strab.
1148 1886 1198 1950 XI.
1226 1887 1289 1951 aot.

181 1973 315 2065 Ὀβύδης
336 1984 514 2047 Nabataeus
534 1985 639 2065 Steplr.
663 1993 721 2050 etc.
762 1987 802 2050 Et
824 2002 903 2065 quae
925 1984 1136 2066 diphthongos
1149 1979 1291 2064 Ὀρονδος

185 2097 214 2144 r.
237 2087 268 2156 §.
291 2082 319 2146 2.
342 2075 443 2165 ἀοιδή,
465 2082 685 2164 Κεφαλοίδιον,
708 2083 959 2162 andronymicum
991 2080 1178 2162 Πανθοίδης
1207 2082 1289 2162 Diog.

183 2178 220 2243 V.
247 2178 296 2245 68.
326 2197 364 2243 ex
392 2184 605 2246 contractione
632 2188 731 2244 ortum
759 2189 792 2243 ut
825 2179 1026 2258 Περιδοῑδαι,
1058 2186 1089 2242 ot
1120 2182 1291 2261 composita

184 2278 362 2361 χελυνοίδης
383 2287 441 2343 etc.
461 2298 488 2343 n.
511 2279 550 2343 ad
570 2281 681 2343 Buttm.
702 2278 772 2343 450.
785 2274 939 2350 Ἕνουδος
957 2278 1064 2340 Alcaei
1093 2276 1176 2339 llllus
1206 2277 1290 2341 Paus.

191 2374 370 2461 Περιμούδρ
398 2379 472 2443 urbs
495 2379 597 2442 Indiae
625 2378 743 2441 Aelian.
764 2378 798 2440 H.
820 2380 876 2441 lin.
898 2376 960 2440 XV.
982 2376 1011 2440 8.
1038 2375 1193 2455 Θαμοκδᾶ
1222 2377 1289 2455 (sic)

185 2474 320 2540 Arabiae
343 2477 448 2556 Stepb.
470 2474 623 2556 Αίβούδαι
643 2476 733 2556 νῆσοι
756 2475 860 2556 Stepb.
882 2473 1049 2556 σίσγουδον
1069 2473 1176 2553 silphii
1199 2491 1288 2553 genus

188 2573 290 2635 Tuetz.
314 2574 387 2636 Cluil.
411 2575 470 2637 vll.
495 2575 562 2639 187.
586 2572 669 2654 quod
694 2576 935 2654 perispomenon
963 2573 1048 2635 allert
1076 2573 1125 2635 [lu
1149 2573 1287 2654 (langius,

186 2677 346 2748 postremo
369 2671 551 2750 adjectivum
573 2670 733 2749 ambiguae
754 2674 887 2735 fictionis
910 2667 1044 2752 θεουδής
1065 2690 1092 2734 v.
1123 2671 1163 2734 atl
1184 2673 1288 2735 Buttm.

186 2766 256 2831 tlt.
281 2786 328 2849 sq.
352 2805 392 2814 —
413 2768 541 2849 Ypsilon
563 2763 695 2848 κόρυδος
716 2770 782 2832 am's
804 2770 934 2848 galerita
955 2787 974 2831 a
994 2763 1099 2849 κόρυς,
1124 2778 1154 2832 et
1173 2767 1288 2851 σημύδκ

188 2865 309 2930 arboris
339 2883 451 2929 nomen
473 2867 569 2929 semel
591 2867 702 2929 lectum
725 2868 909 2946 ignotaeque
933 2868 1069 2947 originis,
1094 2874 1158 2928 turn
1174 2869 1288 2931 ethnica

187 2962 343 3046 Μύγυδος
364 2967 438 3030 urbs
459 2964 657 3045 Pamphyliae
678 2982 706 3028 v.
726 2965 851 3028 Eolrbel.
873 2963 1288 3049 llootr.lll.12.Kntopuibp

188 3061 299 3123 Cretae
319 3068 419 3124 ltnon.
442 3062 605 3126 Stadiasm.
627 3081 657 3142 p.
680 3061 749 3125 496.
772 3061 818 3125 ed.
844 3062 918 3125 Gaii.
941 3060 1062 3140 (omiss.
1086 3065 1119 3124 in
1139 3064 1211 3133 Tb.)
1233 3068 1288 3128 Σο-

187 3152 318 3238 vapulem
338 3157 451 3220 Herod.
474 3159 522 3219 lll.
545 3158 593 3221 91.
616 3158 676 3221 troc
697 3159 792 3240 brevi,
809 3166 953 3238 quantum
969 3176 1006 3220 ex
1023 3168 1158 3223 accentu
1176 3179 1287 3244 coguo-

189 3258 295 3333 scitur,
318 3256 485 3337 penultima
504 3262 537 3317 ut
556 3249 697 3336 Ἀμυδύν
718 3256 917 3319 Macedoniae
939 3257 1012 3319 urbs
1024 3257 1166 3324 Juvenal.
1181 3263 1230 3326 lll.
1245 3263 1285 3327 cb.
1321 3262 1324 3296 ¹

189 3352 346 3417 Καλυδών
367 3360 397 3415 et
419 3354 575 3434 proprium
598 3350 770 3434 Κορύδου,
793 3350 962 3434 Κορυδεύς.
1007 3356 1068 3419 Sed
1099 3360 1287 3425 nominativis

188 3446 334 3533 ἆφύδιον,
356 3446 529 3533 βοτρύδιον,
553 3449 719 3530 δικτύδιον,
742 3451 898 3533 δορύδιον,
926 3449 1117 3533 ἐγχελύδιον,
1141 3456 1286 3538 ἰχθύδιον,
1323 3447 1324 3536 I

189 3545 357 3630 κροκύδων
387 3557 445 3612 etc.
479 3558 586 3613 uotum
616 3559 663 3615 est
700 3552 964 3630 antepenultimam
999 3552 1126 3631 longam
1157 3575 1232 3622 esso
1257 3577 1287 3623 et
1323 3546 1324 3631 Ῠ

190 3649 404 3711 contractione
424 3654 458 3709 ut
484 3647 612 3727 κρίδιον.
656 3650 689 3711 lo
715 3636 799 3722 obba
827 3652 970 3711 exeruntia
1001 3650 1231 3720 Grammaticus
1258 3658 1288 3721 de
1323 3666 1324 3685 ¹

190 3746 299 3821 Quaut.
322 3745 356 3808 ll.
379 3744 448 3811 308.
471 3747 554 3810 nulla
576 3749 663 3810 alleri
686 3747 745 3810 nisi
768 3749 941 3828 composita
973 3754 1005 3811 ut
1031 3749 1190 3835 μελωδύς,
1219 3773 1287 3839 qaae

190 3890 480 3903 ffl—

258 3967 301 4032 tc)
324 3969 373 4033 llp.
392 3967 528 4033 synesium
553 3966 728 4034 llrabingerus
753 3982 768 4021 e
795 3966 873 4021 codd.
903 3968 1078 4035 compluribus
1102 3982 1227 4043 reposuit
1241 3976 1285 4030 tm.

188 4045 372 4113 plapoptrtor.
409 4051 437 4103 ln
456 4051 620 4118 Hippocratis
638 4051 697 4103 loco
716 4049 833 4102 llacliius
854 4064 877 4101 c.
898 4048 962 4104 llVl.
981 4066 1006 4119 p.
1028 4053 1088 4110 265.
1109 4058 1177 4112 nibil
1192 4063 1284 4117 norici

189 4124 261 4182 libris
282 4133 404 4195 enotavit,
423 4131 471 4186 sed
490 4132 551 4185 alibi
570 4130 644 4191 οἶκος
660 4130 820 4200 mactatam·
838 4131 939 4187 dicitur.
