2648 4756
69 338 120 402 DE
141 338 237 405 ttoni.
261 339 428 415 QUORUM
449 337 559 403 CHAR.
578 337 656 402 EST
679 338 896 405 ddrrttttst.
919 342 950 405 C.
965 343 998 406 H.
1014 350 1043 416 §.
1058 342 1086 406 2.
1108 343 1178 411 309

67 502 255 566 substituam
284 504 336 567 rel
367 496 518 574 Μαλακός
545 502 628 582 qnod
655 521 692 565 er
720 505 857 584 epitheto
886 506 999 569 facturn
1027 514 1076 570 est
1099 524 1176 586 pra-

67 602 165 682 priunr
188 607 320 664 accentu
341 601 474 663 instabili
495 619 522 664 v.
544 601 655 664 Parati.
678 603 748 666 343.
771 610 801 666 οι
822 604 959 669 Αίιίονιί.
984 605 1078 667 Tertii
1100 604 1175 667 nitril

63 700 146 762 satis
169 699 269 762 simile
290 701 418 781 reperio,
440 715 540 780 nequa
560 701 592 762 in
608 700 764 764 dernerunr
783 702 967 784 nominibus,
988 719 1117 782 quornm
1135 718 1173 766 aa

63 796 205 876 legitima
226 802 273 860 est
296 798 425 873 torosis,
451 800 602 879 Θημακοί,
628 800 800 879 Θαυμακοί,
825 816 925 879 neque
946 801 977 861 in
999 800 1067 865 aliis
1090 818 1171 880 ony-

63 897 171 977 tonis,
195 912 271 975 qnae
292 896 339 957 vei
362 896 479 959 librarii
501 896 676 959 renidernnt
698 896 747 959 vel
769 896 920 960 Arcadius
943 895 1033 959 aliter
1053 900 1170 979 scripta

60 996 195 1074 reperit;
218 994 344 1072 primurn
366 995 524 1074 gentilicia
537 995 689 1072 Μαρακοί
708 995 848 1076 Xerraph.
871 997 922 1076 qui
945 1013 964 1057 a
982 994 1080 1058 Plinio
1101 997 1169 1060 Ma-

62 1109 152 1155 races
181 1100 347 1173 venantur,
387 1093 521 1174 Σιρακοί
549 1094 650 1156 Strab.
678 1092 727 1156 xt.
755 1093 824 1156 492.
859 1111 914 1173 pro
945 1110 1007 1172 qna
1027 1080 1169 1173 ’Σίρακες

63 1191 212 1270 seriptum
240 1198 289 1253 est
317 1208 346 1271 p.
369 1190 438 1254 596.
466 1198 527 1255 tnrn
551 1185 730 1263 Καολιακός
756 1190 903 1271 montis,3
929 1187 1066 1264 Σιτακὸς
1087 1192 1169 1254 durii

62 1304 175 1351 nornen
195 1288 326 1352 Neareh.
347 1288 458 1369 l‘eripl.
487 1305 515 1368 ρ.
537 1288 585 1353 32.
618 1285 748 1361 Τιτακός
770 1288 974 1351 Titanidarnnr
997 1305 1168 1369 epanyrnns

60 1387 175 1450 Herod.
196 1386 244 1449 lli.
266 1386 315 1449 73.
345 1395 375 1449 et
396 1387 461 1450 Edi.
487 1386 570 1466 qnod
591 1404 639 1466 ap.
661 1388 766 1466 Stepin
788 1393 819 1449 at
840 1388 989 1466 Harpoer.
1010 1404 1168 1468 propara-

59 1493 201 1563 aytannn
232 1492 292 1566 est,
327 1493 356 1547 et
383 1502 440 1564 pro
468 1481 620 1566 Τρινακός
648 1486 677 1546 in
701 1485 828 1547 ornante
854 1485 993 1549 Eustath.
1015 1486 1054 1549 ad
1076 1485 1165 1549 liion.

59 1584 133 1648 467.
155 1581 332 1661 Bernhardy
361 1600 377 1645 e
400 1582 487 1648 codd.
515 1585 587 1647 itera
609 1590 885 1663 preparanytnnan
908 1582 1002 1646 edidit
1023 1591 1055 1646 nt
1077 1599 1166 1646 eann-

60 1683 213 1762 pesitnna,
241 1698 310 1743 narn
333 1681 423 1760 plene
449 1681 620 1763 Τρίνακρος
641 1681 751 1744 dieitur
773 1682 878 1762 Steph.
906 1700 944 1744 ex
965 1682 1088 1746 nornine
1111 1697 1167 1750 ra·

59 1781 164 1860 gianis
192 1775 213 1861 ἢ
235 1774 387 1857 πρότερον
407 1774 463 1858 μὲν
489 1781 666 1860 Τρινακρία,
695 1778 840 1859 Τρινααὶς
862 1774 893 1842 d’
915 1776 1047 1858 ὕστερον
1067 1800 1165 1861 προς-

59 1874 220 1960 dynastian
253 1881 517 1959 μετονομασθεῖσα
542 1872 760 1960 εὐφωνότερον
791 1879 892 1942 Sirab.
922 1879 969 1941 Vl.
997 1878 1067 1943 295.
1110 1879 1164 1943 Sia

48 1969 203 2056 Ἄρακος,
230 1976 312 2056 qnod
341 1984 450 2056 qnater
478 1978 538 2040 hae
566 1976 659 2038 nroda
687 1977 767 2057 apud
791 1976 1025 2055 Xenophontem
1052 1976 1164 2056 legitur

59 2091 159 2156 nuper
180 2077 271 2138 etiarn
292 2074 464 2137 Pausaniae
485 2091 502 2138 e
524 2072 611 2135 andd.
635 2075 783 2137 redditura
806 2080 854 2136 est
875 2074 910 2136 X.
932 2074 961 2155 9,
982 2074 1010 2138 4.
1036 2081 1068 2138 et
1088 2075 1163 2157 Δρί

55 2195 157 2254 μακος
176 2174 247 2235 Atti.
270 2174 318 2235 vl.
333 2171 402 2236 265.
418 2172 452 2235 F..
474 2168 630 2246 Μύνακος
651 2173 725 2236 vili.
744 2173 861 2237 351..t.
894 2167 1039 2244 Πιὶλακος
1060 2172 1161 2238 Strab.

59 2271 121 2335 vlt.
142 2270 211 2334 399.
233 2271 342 2333 merito
360 2272 575 2351 praeferuntur
590 2272 698 2333 acutis.
725 2270 833 2350 Neque
848 2270 963 2331 certior
977 2274 1027 2331 est
1040 2266 1162 2333 illorum

57 2378 214 2432 accentus.
258 2369 290 2431 Si
318 2369 387 2448 qais
410 2376 507 2430 antara
533 2364 704 2442 Κολλιακός
730 2385 820 2431 nnura
846 2385 884 2430 ex
904 2365 966 2429 illis
988 2364 1162 2429 nominibus

58 2485 132 2531 esse
159 2474 302 2546 excuset,
330 2483 409 2545 qnae
433 2466 624 2530 Grammatiai
655 2467 793 2529 inlibris
816 2465 905 2528 hodie
928 2463 1161 2542 arnissislege-

57 2573 138 2648 runt,
161 2567 216 2627 irae
240 2565 440 2627 excusatione
464 2573 629 2643 μτομιοτοει
652 2567 690 2626 nti
713 2566 884 2646 nonlicet,
906 2562 988 2642 «ruod
1010 2561 1160 2625 Arcadius

57 2665 192 2745 loquitur
215 2663 251 2725 de
274 2663 365 2741 attrita
396 2649 435 2723 οὗ
456 2669 632 2742 προηγεῖται
661 2657 849 2742 σύμφωνον,
879 2681 916 2725 en
938 2679 998 2741 (μιν
1022 2664 1161 2742 sequitur

57 2781 127 2828 eurn
150 2762 333 2824 eontrarium
358 2760 534 2824 decrevisse
557 2762 593 2824 de
617 2760 707 2840 alpina
722 2779 809 2841 para,
822 2766 910 2840 niujis
924 2759 1092 2838 exemplant
1111 2768 1158 2821 ast

56 2856 190 2935 Αἰακός,
214 2878 249 2920 aa
271 2859 400 2938 proinde
422 2862 542 2946 Πίονος
565 2860 648 2921 urbis
671 2875 782 2920 nenten
804 2859 906 2937 Stepir.
922 2853 1159 2928 ΜεδόακοςΙΙιι-

55 2962 96 3022 rii
127 2959 226 3022 Stralr.
256 2959 287 3019 V.
316 2957 385 3020 213.
414 2953 561 3019 Reddenda
588 2957 687 3035 gentis
715 2957 761 3019 tv.
786 2957 852 3020 tat.
882 2955 1002 3029 (omiss,
1030 2954 1060 3012 in
1089 2950 1157 3028 rh.)

54 3076 120 3122 nnn
142 3065 172 3119 nt
195 3056 359 3135 opertebat
380 3057 496 3134 scripta
518 3073 598 3117 esse.
626 3054 779 3125 llaetenns
802 3053 838 3116 de
861 3051 1004 3132 propriis

142 3178 172 3244 §.
194 3171 223 3232 2.
271 3164 317 3230 Τὰ
338 3168 379 3241 τίς
397 3157 477 3243 αἶρέ
495 3162 739 3248 ὑπερδισύλλοιβα
762 3159 969 3250 προςιμγορικὰ
990 3160 1010 3247 ἢ
1030 3160 1158 3228 ἐπιθετι-

54 3266 97 3335 ud
119 3262 267 3345 ὀξύνεται,
289 3263 434 3344 indende,
456 3263 625 3349 μαλθακός,
647 3261 806 3341 ψιττακός,
830 3259 978 3340 ἀστακός,
1008 3260 1157 3342 φυλακάς,

55 3362 222 3451 φαρμακός
243 3361 260 3428 ὁ
282 3362 331 3428 ἐπὶ
351 3369 502 3452 καθαρμῷ
514 3367 669 3443 τελευτῶν,
692 3359 872 3446 φαρμακεύς
894 3361 966 3442 (sar.
980 3356 1157 3441 φάρμακος)

55 3464 88 3531 δὲ
112 3460 130 3529 ὁ
153 3461 240 3546 yrias·
277 3466 472 3546 σεσημείωται
497 3459 533 3526 τὸ
560 3461 714 3541 θύλακος,
736 3457 880 3536 insanos,
903 3460 1030 3531 αἴσακος
1049 3457 1101 3522 καὶ
1122 3456 1158 3523 τὸ

54 3567 209 3650 μαίμακος
238 3560 391 3626 σύνθετον
418 3564 493 3645 (scr.
513 3559 677 3641 ἐπίθετον).
724 3561 781 3624 Hit>
802 3561 929 3639 prinlum
951 3557 1089 3621 mirabile
1111 3567 1158 3622 est

53 3724 327 3739 ,-...--.

125 3833 153 3899 3)
173 3832 229 3884 Ηοο
243 3835 409 3884 controverso
424 3829 460 3880 itti
476 3826 627 3884 Καλλιακός
642 3825 709 3880 adeo
727 3824 813 3878 simite
832 3826 872 3878 est
889 3827 918 3875 at
934 3834 1019 3889 paene
1039 3822 1159 3889 suspicer

57 3918 91 3974 ab
105 3915 216 3970 Arcadio
230 3917 351 3980 scriptum
366 3926 427 3967 esse
442 3911 490 3966 sed
503 3911 554 3963 alin
570 3911 637 3975 Ιοοο,
657 3923 708 3975 qno
729 3908 762 3962 de
781 3909 851 3975 puris
864 3906 995 3960 disseruit.
1010 3904 1158 3972 Apollonio,

58 4002 105 4069 qni
124 3999 238 4051 Cantiaci
264 3997 393 4062 meminit,
418 3996 495 4062 paule
518 3999 577 4061 post
596 3993 638 4045 lv.
656 3992 715 4046 337.
734 4006 780 4059 pro
797 3989 979 4058 Σαλαμκῶνος
997 3989 1159 4046 reddendum

60 4088 102 4138 est
124 4079 309 4148 Σαλιέγμωαος
333 4093 358 4131 v.
384 4078 417 4130 ad
441 4079 483 4143 Aj.
510 4093 536 4144 ρ.
563 4078 619 4133 166.
657 4075 746 4130 Gentis
771 4073 878 4130 indicae
906 4087 1001 4130 nonren
1023 4077 1161 4126 Κιανιακοί

59 4164 144 4221 strab.
163 4163 214 4218 XV.
233 4164 290 4220 989.
310 4163 435 4217 incertura
452 4160 538 4218 reddit
556 4160 675 4216 eodicnra
695 4157 835 4213 dissensio.
