2648 4756
103 307 126 374 6
467 306 792 374 BISSERTATIO
824 308 847 374 i

104 473 200 553 μοῖρα
228 463 271 544 ὦς
291 463 310 534 ὁ
329 465 428 546 πόλις
453 465 517 540 ἀπὸ
536 474 592 555 τῆς
611 469 726 556 πύλης,
755 489 929 555 quanquam
949 472 1011 538 hoo
1032 473 1110 540 Sola
1130 474 1165 540 ll
1181 476 1210 542 V.

106 569 177 634 397.
198 570 393 651 metaplastis
413 571 607 655 adnumerat,
629 591 709 654 quae
730 590 749 636 a
769 572 1060 654 paraschematistis
1085 576 1213 642 secernit

106 668 173 735 EM.
194 669 265 751 572,
285 668 334 733 23.
355 665 392 732 τὸ
411 664 575 751 οὐδέτερον
593 668 627 733 ἐν
646 671 927 756 παρασχηματισμῷ
949 664 968 732 ὁ
988 667 1089 746 καλός
1110 667 1149 736 τὸ
1169 697 1208 738 ιιι-

107 764 175 847 adv,
202 763 252 832 dod
272 766 326 832 καὶ
343 763 402 850 τὴν
421 763 549 833 εὐθεῖαν
569 772 633 833 τῶν
652 771 874 853 πληθυντικῶν
892 762 932 831 τὰ
951 767 1033 832 καλὰ
1056 765 1102 834 οὐ
1121 769 1213 856 φαμὲν

107 864 334 951 μεταπλασμόν,
355 862 391 929 τὸ
411 863 444 930 δὲ
463 865 561 948 λύχνα
576 867 627 932 καὶ
648 867 800 934 ὁάκτυλιι·
821 862 860 932 οὔ
881 863 942 949 γάρ
962 864 1027 931 ἔστι
1048 864 1090 933 τὸ
1107 867 1218 952 λύχνον

109 975 169 1032 eto.
219 967 461 1033 Choeroboscns
493 967 589 1031 Betrtr.
620 986 649 1049 p.
678 970 766 1035 1368.
788 970 817 1034 lo.
850 963 869 1031 ὁ
896 964 1007 1041 σκότος
1033 963 1075 1032 τὸ
1103 968 1216 1050 σκότος,

111 1060 130 1130 d
155 1064 274 1151 lla-nos
305 1059 342 1129 τὸ
376 1061 511 1146 (lenos,
550 1061 569 1130 ὁ
595 1062 719 1148 τάριχος
742 1062 779 1132 τὸ
803 1063 928 1149 τάριχος
956 1059 1018 1130 οὐκ
1045 1064 1116 1132 ἔστι
1145 1067 1220 1134 κατὰ

109 1157 405 1250 παρασχηματισμὸν
424 1159 503 1228 dttd
529 1159 611 1229 κατὰ
627 1161 799 1248 μεταβολὴν
817 1162 966 1248 γένους.4
1006 1166 1113 1232 Nobis
1134 1170 1217 1250 igitur

110 1282 204 1348 quum
225 1267 302 1329 liaeo
321 1271 460 1328 veterum
480 1266 690 1328 inconstantia
708 1267 881 1330 libertatem
898 1266 1126 1346 optionemque
1140 1267 1215 1332 daret

110 1364 243 1444 eligendi
259 1362 343 1445 quod
355 1363 513 1446 vellemus,
535 1364 821 1445 paraschematismi
835 1381 948 1428 nomen
962 1364 1165 1444 aptissimum
1175 1366 1214 1429 ri-

111 1479 180 1528 sum
201 1462 241 1526 ad
262 1461 480 1542 significandas
502 1464 657 1527 nominum
685 1469 921 1544 conjugatorum
941 1463 1137 1528 mutationes
1158 1466 1214 1528 ior-

111 1563 225 1645 males,
255 1560 316 1624 lroo
344 1567 470 1624 esteas
491 1561 603 1641 quihus
624 1561 750 1624 schema
770 1569 919 1642 mutatur,
952 1560 1134 1626 intellectus
1160 1579 1220 1626 non

110 1661 193 1725 item.
231 1661 366 1723 Mutatur
387 1667 490 1723 autem
511 1661 648 1724 motione
669 1666 701 1722 et
722 1659 990 1740 denominatione,
1019 1676 1151 1739 quarum
1170 1661 1221 1724 illa

112 1758 190 1823 duas
212 1757 306 1821 habet
326 1759 461 1839 species,
482 1774 572 1821 unam
592 1760 750 1822 serualem
768 1775 830 1839 qua
847 1776 904 1839 pro
923 1753 1036 1840 θήλεια
1051 1756 1131 1833 θεός
1144 1760 1220 1824 dici-

112 1863 163 1919 tur
179 1851 240 1917 θέα
255 1855 304 1918 vel
315 1850 444 1937 θέαινα,
465 1856 594 1920 alteram
610 1856 824 1921 deminutivum
840 1864 872 1921 ot
888 1858 977 1937 quasi
995 1857 1218 1942 deminutivum,

113 1957 203 2034 cujus
233 1955 391 2032 specimen
420 1962 470 2018 est
489 1954 651 2030 παιδίσκος
672 1974 729 2037 pro
747 1963 820 2030 παῖς
839 1951 964 2038 μικρός,
997 1956 1142 2021 oleaster
1166 1974 1215 2039 pro

113 2053 185 2117 olea
206 2053 357 2133 agrestis;
380 2052 458 2116 lraec
479 2055 558 2117 enim
579 2056 726 2118 motionis
747 2063 823 2118 nota
844 2056 971 2136 propria
992 2061 1042 2117 est
1059 2056 1149 2136 qnod
1166 2056 1218 2120 ad-

109 2153 296 2233 jectivorum
313 2153 398 2215 vices
414 2153 519 2233 explet
534 2159 574 2235 et,
595 2153 751 2233 quomodo
773 2154 851 2218 haec
872 2156 917 2217 rei
937 2156 1127 2233 suppositae
1145 2173 1219 2237 qua·

112 2249 230 2314 litatem
258 2249 462 2314 determinant
491 2253 561 2315 eine
589 2255 810 2317 consentione
838 2251 1045 2316 substantioe
1072 2253 1218 2319 Priscian

112 2349 149 2414 ll
170 2350 200 2432 5,
220 2349 270 2414 25.
297 2350 341 2412 ita
361 2349 509 2413 motionis
531 2350 648 2412 formae
679 2349 754 2411 nihil
776 2349 859 2414 aliud
879 2350 940 2413 nisi
961 2347 1116 2430 quasdam
1137 2356 1219 2432 ejus-

114 2446 182 2511 dem
205 2448 339 2527 subjecti
358 2446 588 2511 vicissitudines
610 2447 831 2513 demonstrant.
872 2449 1090 2513 Denomiuatio
1112 2449 1221 2531 duplex

113 2552 173 2627 est,
195 2563 257 2608 una
277 2546 507 2624 transgressiva
531 2563 550 2608 a
570 2545 702 2610 diversis
724 2549 865 2626 partibus
887 2545 1048 2626 orationis,
1071 2562 1164 2627 quam
1184 2549 1220 2613 ab

112 2641 172 2706 lrac
188 2641 398 2724 disputatione
414 2648 585 2723 sejunctam
598 2644 764 2724 habemus3
786 2647 884 2709 altera
898 2646 1096 2708 intransitiva
1109 2647 1149 2711 ab
1166 2649 1220 2711 iis·

114 2738 200 2821 dem3
238 2741 323 2822 quod
355 2757 453 2822 qeous
493 2744 532 2806 ab
559 2759 620 2806 una
647 2759 726 2807 voce
753 2738 880 2807 ἄκανθα
907 2745 974 2807 avis
1009 2742 1221 2811 denominatur

114 2830 249 2914 ἀνανθές
275 2841 343 2904 sive
363 2833 552 2919 dwvdvtla,
580 2848 611 2905 et
631 2841 807 2922 quadrupes
828 2835 1007 2918 ἀκανθίαν,
1035 2848 1099 2907 tum
1127 2847 1220 2927 piscis

114 2937 282 3019 plantaque
304 2946 335 3002 et
356 2939 464 3003 cicada
485 2933 657 3014 ἀκανθίας,
680 2957 760 3021 quae
782 2956 846 3002 non
866 2940 990 3019 generis
1012 2947 1043 3003 et
1064 2959 1171 3028 serus,
1190 2951 1220 3008 ut

113 3039 240 3101 nomina
261 3043 354 3122 mota,
375 3037 586 3105 diversitatem
606 3038 664 3104 sed
682 3039 775 3120 plane
788 3038 872 3102 aliud
887 3045 980 3120 atque
995 3039 1152 3119 primitiva
1161 3058 1221 3107 vor

113 3291 207 3345 λοῦται
224 3293 281 3348 Eli.
295 3262 353 3363 lie,
367 3294 409 3352 35.
429 3293 479 3350 sed
501 3292 554 3348 lroe
576 3306 681 3362 quoqne
703 3290 812 3348 verbum
834 3293 912 3347 latios
932 3295 1018 3362 patet:
1052 3290 1087 3345 τὰ
1110 3293 1220 3367 rpperi

114 3375 154 3434 εἷς
171 3376 204 3429 τὰ
221 3379 286 3446 γένη
304 3379 352 3429 καὶ
370 3376 432 3436 rode
449 3375 586 3450 ἀριθμοὺς
602 3376 649 3427 καὶ
666 3374 714 3433 τὰς
728 3373 844 3433 πτώσεις
858 3378 1126 3443 μετασχηματίζεται
1142 3378 1218 3447 Apol.

114 3457 167 3513 lon.
190 3459 224 3516 de
242 3459 318 3515 Pron.
337 3475 363 3529 p.
384 3460 440 3517 134.
467 3460 586 3514 Amnon.
606 3458 639 3513 ad
656 3459 736 3513 Arist.
755 3474 784 3510 π.
799 3455 882 3528 ‘Epa
901 3472 927 3524 p.
945 3457 986 3513 19.
1001 3462 1053 3512 etc.

180 3566 209 3634 l)
239 3566 349 3623 Diversa
373 3567 478 3635 copulat
500 3566 588 3620 Sehol.
615 3565 664 3620 0d.
687 3566 718 3620 V.
744 3565 803 3622 281.
829 3562 921 3636 ἐρινόν
945 3565 1129 3639 Ἀρίσταρχος
1158 3568 1219 3621 ἀντὶ

113 3648 163 3701 τοῦ
179 3648 268 3718 epota
285 3649 355 3702 κατὰ
372 3648 527 3717 μεταβολὴν
543 3651 591 3702 τοῦ
609 3652 706 3717 γένους
722 3646 757 3706 ὡς
771 3648 872 3717 δίφρος
884 3646 981 3718 dimon,
1004 3655 1032 3705 et
1043 3648 1135 3705 Soloi.
1151 3653 1181 3707 ll.
1198 3654 1218 3708 l.

113 3733 173 3789 ³12.
191 3733 308 3785 κέλευθα
324 3732 461 3801 μεταβολὴ
472 3735 569 3801 γένους
586 3730 621 3790 ὡς
637 3732 667 3784 τὰ
684 3730 821 3802 τράχηλα,
843 3729 945 3799 λύχνα,
966 3731 1070 3802 δίφριι,
1093 3731 1218 3803 ἐρετμόν.

112 3815 179 3871 Nam
197 3815 261 3884 hoc,
287 3818 351 3885 quia
373 3818 400 3870 in
417 3818 543 3885 singulari
561 3818 690 3886 reperitur
709 3829 831 3881 numero,
856 3816 1096 3883 paraschematistis
1114 3817 1217 3874 adscri-

113 3898 228 3956 bendum
245 3904 300 3966 est,
322 3905 351 3953 ui
367 3897 381 3953 ὅ
399 3898 489 3968 depos
505 3899 535 3952 τὸ
553 3897 655 3968 θύμον,
679 3894 693 3951 ὅ
711 3894 856 3969 μάργαρνς
872 3897 902 3950 τὸ
919 3898 1077 3974 μάργαρον,
1102 3895 1216 3972 dapid-

112 4000 166 4052 μνς
183 3981 212 4034 τὸ
229 3982 370 4050 tepidam,
398 3978 507 4040 ὅπίσος
524 3979 553 4034 rd
572 3984 653 4033 πίνον
670 3983 722 4037 eie.
748 3981 797 4036 sed
815 3979 918 4052 δίφρα,
938 3981 1001 4055 ῥινά
1022 3988 1074 4039 eie.
1101 3983 1216 4040 delecti-

112 4067 162 4119 ιιι.
204 4064 244 4118 Ab
265 4067 381 4133 utrisque
399 4063 484 4122 niden
501 4081 534 4123 ea
551 4067 656 4134 generis
674 4063 805 4124 metabole
824 4079 876 4138 qua
894 4070 1041 4126 terminatio
1060 4082 1113 4125 non
1130 4076 1216 4125 moa·

113 4153 169 4204 tur:
195 4146 304 4209 σκότος,
323 4145 443 4222 τάριχος.

1246 39 1257 279 l
