2648 4756
93 337 144 402 DE
158 336 253 403 Nom.
267 334 435 413 QUORUM
448 333 560 400 CHAR.
572 332 649 399 EST
665 331 883 398 GUTTURAL.
913 334 945 399 C.
961 336 995 402 11.
1015 339 1080 414 §.Z
1108 340 1178 409 329

70 503 144 567 bilia
166 502 259 582 talia3
281 516 338 578 eqo
360 516 409 564 me
436 497 572 565 continui
598 497 631 561 iu
659 496 845 577 trisyllabis,
875 497 948 578 quia
973 501 1178 572 Buttmauuus

71 603 201 667 affirmat
229 601 311 662 hane
338 598 580 662 terminationem
608 596 803 677 potissimum
830 601 1068 681 procerioribus,
1085 602 1176 667 adini-

70 699 166 763 bitam
189 716 263 762 esse
284 695 450 760 uocabulis.
494 693 557 761 sod
578 693 662 775 quod
683 693 762 758 idem
785 695 1004 776 adjectivorum
1025 701 1057 763 in
1077 687 1125 775 ιῖς
1146 709 1177 768 et

71 783 144 871 ιιιόξ
160 796 333 860 exeuntium
360 792 603 873 significationes
630 799 776 857 ueourato
805 794 923 858 definiri
949 814 1046 876 posse
1075 809 1176 886 negat,
1274 843 1277 847 -

70 912 186 959 vereor
217 910 255 957 ne
283 907 353 954 vere
376 897 543 984 auguratus
564 891 614 955 sit.
655 892 799 955 Attamen
827 894 957 957 tentarit
984 894 1176 975 atiquatenus

70 996 224 1058 Thomas:
252 984 298 1053 Τόι
318 987 360 1062 εἰς
380 1010 436 1063 uos
464 982 535 1051 τινόι
557 983 615 1070 μέν
643 983 706 1052 ἐστι
733 987 875 1072 πτητικοί,
903 987 1060 1073 βασιλικὸς
1085 991 1177 1077 λόγος

71 1089 110 1155 δν
133 1088 247 1172 ἔγραψε
268 1083 410 1170 βασιλεὺς
430 1083 452 1169 ἢ
473 1083 511 1150 δν
531 1082 644 1169 ἔγραψέ
662 1109 709 1162 τις
727 1088 771 1163 εἰς
797 1084 937 1172 βασιλέα·
963 1084 1033 1153 τινὰ
1062 1087 1096 1155 δὲ
1123 1093 1176 1178 δη

70 1192 179 1254 λοῦσιν
199 1181 435 1269 ἐπιτηδειότητα,
457 1181 613 1266 δρομικός,
636 1184 785 1262 πνιιτιιιός
805 1224 847 1234 -
866 1182 905 1251 τό
925 1183 959 1251 δὲ
976 1184 1118 1270 λέγονται
1128 1188 1176 1257 ἐν·

70 1289 180 1373 τορείᾳ,
201 1280 359 1368 μουσικός,
381 1279 419 1348 τὰ
442 1278 476 1347 δὲ
497 1279 600 1367 φύσει,
621 1281 753 1366 λογικός.
783 1285 845 1351 Sed
866 1287 927 1350 iroe
947 1286 1071 1353 decreto
1093 1293 1196 1357 mul··

71 1394 133 1450 turn
157 1385 246 1449 abest
274 1390 306 1446 ut
333 1383 495 1446 universus
523 1383 615 1463 hujus
643 1385 767 1463 generis
796 1386 928 1449 ambitus
957 1385 1096 1453 definitus
1125 1391 1198 1467 sit,

69 1485 149 1549 Nam
170 1484 213 1565 si,
241 1488 274 1545 ut
304 1480 439 1545 Galenus
468 1481 510 1542 ait
537 1479 575 1543 de
598 1480 703 1560 Comp.
724 1480 802 1544 Med.
830 1484 1119 1562 p.Loeo.11.538
1142 1489 1177 1554 Τ,

70 1583 134 1647 ΧΠ.
157 1577 317 1663 σπληνικοί
338 1577 480 1641 dicuntur
499 1576 531 1640 οἱ
550 1570 613 1641 ἀπὸ
634 1572 770 1660 σπληνός
789 1575 956 1660 πάσχοντες
968 1577 1177 1664 καλὴπατηιολ

71 1679 103 1743 οἱ
123 1673 188 1741 ἀπὸ
207 1679 333 1760 νεφρῶν
354 1685 411 1741 ete.
433 1677 460 1740 si
480 1672 725 1759 γραῦς’βρν·τική
748 1694 785 1740 ea
807 1695 886 1759 quae
908 1678 987 1758 bryti
1015 1690 1090 1761 potu
1117 1683 1177 1748 im-

72 1795 170 1859 pense
191 1775 360 1840 delectatur
383 1793 410 1839 u.
432 1775 561 1839 Meineir.
593 1777 678 1840 Cora.
700 1777 746 1840 Fr.
770 1776 803 1839 Τ,
831 1775 880 1840 rin
909 1793 938 1856 p.
965 1777 1015 1842 23.
1043 1779 1073 1843 id
1102 1781 1178 1846 nulli

71 1876 192 1938 iliorum
215 1874 313 1938 simile
333 1880 381 1936 est
403 1874 588 1953 omninoque
609 1890 672 1936 uon
694 1890 733 1937 en
753 1876 964 1938 terminatione
977 1876 1048 1939 sola
1068 1876 1124 1943 sed
1137 1897 1177 1945 ex

72 1982 181 2036 natura
202 1981 232 2036 et
250 1971 474 2052 significatione
497 1972 638 2052 primitivi
668 1978 698 2035 et
726 1988 821 2053 saepo
852 1989 890 2036 ex
917 1972 1084 2057 adjunctis,
1113 1993 1175 2058 quo

73 2069 205 2152 quidque
228 2071 391 2150 pertineat,
409 2068 541 2147 judicari
563 2068 662 2131 debet.
701 2068 864 2150 Proprium
886 2087 959 2133 uero
982 2070 1084 2136 looum
1115 2076 1177 2140 ob-

75 2171 172 2232 tinent
193 2169 376 2249 pronomina
395 2167 585 2248 quantitatis,
606 2159 729 2248 ἡλλκος,
756 2167 903 2248 πηλίκος,
931 2167 1069 2249 τηλίκος,
1097 2188 1177 2253 quae

74 2266 144 2330 sola
166 2267 377 2330 noeentumin
398 2264 563 2346 penultima
585 2264 700 2327 habeut
720 2261 832 2327 Herod.
863 2283 895 2327 π.
924 2266 1010 2328 Μον.
1039 2266 1097 2349 20,
1130 2270 1177 2336 19.

75 2371 105 2427 et
126 2366 175 2426 his
198 2365 466 2428 consociatissima
498 2362 641 2426 adverbia
663 2361 841 2442 temporalia
862 2355 982 2439 αὐτίκα,
1004 2355 1106 2444 ἡνίκα,
1126 2389 1178 2449 τη·

73 2462 154 2539 νίκα,
178 2462 259 2542 quod
280 2464 481 2525 Buttmauuus
502 2463 533 2523 in
553 2462 648 2524 Leaii.
670 2461 705 2524 ΙΙ.
727 2460 796 2523 227.
818 2461 894 2523 miro
910 2463 1049 2526 aoumiue
1064 2480 1102 2526 en
1118 2460 1177 2548 τόν

73 2559 127 2623 ino
148 2560 208 2622 Ιιαι
229 2563 295 2622 nice
317 2561 479 2622 ooniiatum
509 2576 580 2622 osse
609 2559 752 2637 disputat.
802 2558 916 2622 Eadem
944 2560 1094 2625 elementa
1120 2562 1176 2629 sed

75 2657 184 2721 ordine
205 2659 328 2719 inverso
352 2657 463 2719 habent
484 2657 629 2721 adverbia
651 2657 817 2719 numeralia
836 2652 953 2738 τριόκις
975 2665 1006 2721 et
1028 2668 1132 2727 cetera
1144 2665 1176 2728 in

76 2765 106 2832 §.
129 2757 158 2820 3.
182 2764 326 2818 extrema.

159 2862 188 2928 §.
213 2857 240 2916 7.
289 2848 335 2915 Τδι
356 2851 398 2925 εἰς
414 2836 490 2925 οτι-ος
510 2846 775 2934 προπαροξύνεται
795 2845 910 2912 σπάνια
930 2847 1021 2931 όντα,
1045 2856 1177 2921 Komaroi.

75 2953 184 3033 δοκος,
206 2947 390 3031 Σπόρδοκος
410 2954 479 3014 Αιο.
501 2951 550 3016 51.
574 2967 702 3031 quorum
731 2950 859 3012 altorum
882 2953 1008 3030 saepius
1030 2955 1059 3013 in
1082 2943 1117 3028 οξ
1146 2961 1177 3018 et

75 3037 153 3134 οιῖἧξ
174 3052 360 3130 terminatur,
382 3049 510 3110 alterum
533 3059 581 3111 est
605 3048 732 3109 Thracis
753 3062 865 3106 nomen
886 3046 917 3107 in
937 3047 1029 3110 Thuo.
1052 3051 1087 3115 11.
1110 3052 1177 3120 101.

77 3160 107 3214 et
130 3150 178 3213 iv.
193 3148 261 3212 102.
285 3147 335 3209 ubi
356 3148 387 3208 iu
404 3146 520 3224 aliquot
539 3146 626 3208 libris
643 3139 830 3223 Xeropotamos
843 3146 990 3223 scriptum
1007 3154 1063 3212 est.
1089 3152 1178 3217 Alius

77 3251 134 3312 iuit
157 3245 292 3325 ejusdem
317 3244 464 3305 Thraciae
485 3245 608 3322 regulus
631 3239 775 3314 Σάδοκος
800 3260 828 3305 v.
848 3242 975 3324 interpr.
1003 3244 1041 3307 ad
1068 3248 1102 3310 li.
1129 3250 1178 3315 ¹29.

79 3348 159 3410 alius
181 3339 334 3425 Μήδοκος
362 3343 428 3404 siue
446 3336 615 3421 Ἀμάδοκος
635 3361 662 3404 v.
684 3340 816 3403 Wessol.
840 3340 878 3401 ati
899 3340 987 3403 Diod.
1008 3342 1084 3404 xiii.
1109 3346 1177 3411 105.

78 3439 244 3514 Σάνδοκος
264 3443 331 3504 sive
352 3435 516 3512 Σόνδακος
543 3447 573 3502 et
594 3435 759 3519 Σανδόκης
780 3455 806 3499 ι’.
826 3437 960 3500 Boeckh.
979 3437 1069 3518 Corp.
1084 3440 1178 3507 inser.

80 3542 147 3604 Voi.
170 3541 204 3603 ll.
229 3558 256 3618 ρ.
280 3539 347 3603 158.
371 3537 445 3600 Gaii.
468 3538 506 3599 ad
527 3540 627 3600 Aaou.
642 3536 803 3601 Stadiasm.
827 3535 859 3596 Τ.
874 3534 908 3597 11.
936 3535 1050 3607 §.179.
1074 3534 1181 3620 Σπάο.

78 3660 172 3711 tonos
195 3657 221 3700 v.
242 3636 376 3700 Boeokh.
398 3636 415 3697 i.
439 3652 464 3699 o.
487 3654 516 3716 p.
535 3635 602 3699 109.
632 3633 692 3697 Sed
715 3632 845 3694 hominis
867 3633 970 3710 graeei
992 3650 1102 3699 nornen
1126 3641 1182 3703 iit·

78 3738 172 3809 δοκος
194 3734 332 3813 Xenoph.
354 3733 429 3795 Heli.
452 3733 471 3795 l.
489 3735 516 3813 1,
530 3733 578 3796 29.
602 3735 669 3796 sine
692 3730 782 3792 dubio
805 3730 943 3793 inlibris
965 3734 1079 3796 reotius
1093 3731 1182 3800 Ἐπί-

79 3838 174 3907 δοκος
195 3833 355 3910 seribitur3
388 3848 456 3892 nam
481 3831 534 3892 iiia
563 3830 733 3893 terminatio
764 3830 955 3906 peregrinum
985 3841 1091 3916 sonat,
1124 3854 1181 3902 nec

81 3935 182 3998 solum
219 3928 374 3993 secundae
410 3926 624 3991 declinationis
658 3926 713 3990 sed
750 3928 841 3989 etiarn
871 3928 1002 4010 primae,
1029 3929 1183 4019 Μηδόκης

83 4033 185 4095 Thrax
207 4030 337 4091 Demetr.
360 4024 397 4087 do
418 4025 504 4088 Eleo.
526 4042 551 4088 o.
573 4024 670 4088 anxi.
691 4022 770 4085 idern
793 4026 859 4085 sine
880 4024 972 4087 dubio
993 4030 1044 4105 qui
1057 4032 1096 4093 ab
1113 4034 1182 4100 aliis

82 4123 237 4210 Μήδοκος
259 4125 441 4206 appellatur,
462 4119 600 4207 Δηιόκης
619 4121 743 4202 Medus,
769 4116 933 4203 Παρδόκας
953 4123 1086 4193 lotarius
1107 4132 1183 4196 bar-
