2648 4756
161 304 234 372 828
510 298 832 367 blssnurnrto
862 299 928 365 Vll.

164 469 289 534 aberrat
308 466 346 530 ab
367 466 521 530 Ammouii
542 465 741 531 distinctione
760 411 928 549 plo'tpiiepdu
944 458 1027 529 ἐστιν
1044 458 1188 547 ὄνοματὸ
1209 457 1272 547 οὐχ

164 560 333 648 ὕληνικόν,
354 560 544 649 βαρβαρικόν
570 560 603 628 δὲ
628 559 665 629 τὸ
692 566 757 628 τῶν
775 560 951 647 βαρβάρων.
997 563 1056 641 Qui
1075 565 1103 628 si
1120 565 1272 646 exemplis

165 665 211 728 uti
230 663 397 745 voluisset,
420 665 556 727 loriasse
584 664 645 727 boc
672 660 947 747 dixissethdap,
974 657 1108 747 Ἰώσηφ,
1134 664 1272 747 tbppepep,

167 778 296 841 quorum
333 763 506 826 terminatio
536 761 663 826 Graecis
690 763 817 827 insolita
838 770 905 846 est,
936 764 1073 827 barbara
1101 779 1192 845 esse,
1218 761 1275 826 sed

158 857 304 944 Ἄδαμος,
323 853 481 943 Ἰώσηπος,
501 861 664 924 barbarica
678 861 739 925 boc
752 867 802 925 est
815 861 896 944 apud
909 862 1062 926 barbaros
1077 868 1163 925 nata.
1181 861 1275 940 Ejus-

168 958 236 1023 dem
260 961 394 1024 Tbomae
417 960 595 1040 praeceptio
619 965 668 1023 est
687 953 760 1041 πεζὴ
782 955 909 1038 στρατιά
928 955 1049 1042 drocis
1066 954 1275 1041 Δημοσθένης

167 1053 367 1136 uoluentes,
389 1053 504 1139 καὶμὴ
525 1051 629 1139 nebat}
651 1050 695 1130 ὥς
718 1058 914 1140 monadibus,
940 1054 1184 1140 ποιητικώτερον
1208 1053 1276 1138 yc'tp,

166 1173 232 1222 non
259 1156 451 1239 repudiatum
480 1163 581 1219 tamen
607 1172 626 1218 a
653 1155 876 1237 Xenophonte;
910 1156 967 1221 sed
995 1156 1033 1220 de
1060 1155 1217 1219 Aeschine
1246 1162 1277 1218 et

167 1256 323 1331 Dinarcbo
347 1256 503 1319 dubitatur
523 1271 552 1316 v.
574 1252 683 1334 l’oppo
706 1253 821 1319 Comm.
844 1254 882 1318 ad
905 1255 998 1318 Tbue.
1019 1254 1069 1318 tt.
1089 1253 1142 1318 33.
1164 1254 1277 1317 Wurm

169 1353 209 1418 ad
229 1354 372 1418 Dinareb.
393 1371 424 1435 p.
449 1353 517 1418 195.
550 1350 803 1417 llsubstantiris
831 1359 945 1433 quauta
973 1359 1076 1415 manet
1095 1352 1201 1435 copia,
1220 1350 1279 1415 de-

169 1454 396 1517 monstratione
419 1456 552 1514 nonest
574 1466 672 1532 opus,
700 1450 757 1515 sed
784 1450 942 1531 quaeritur
969 1466 1041 1514 num
1070 1451 1227 1533 arethio,
1248 1449 1279 1515 id

171 1551 255 1633 quod
274 1553 477 1615 Buttmaunus
498 1550 530 1611 ln
550 1547 678 1612 Gramm.
700 1553 731 1621 s.
753 1546 821 1614 119.
843 1565 871 1612 n.
893 1548 943 1612 27.
970 1549 1100 1612 affirmet
1127 1546 1280 1627 exemplis

174 1651 293 1732 tribus,
319 1642 489 1731 γραφικός,
516 1639 658 1726 ἀρχικός,
685 1641 860 1725 πρακτικός.
911 1647 1022 1711 Verum
1050 1647 1111 1710 boo
1140 1646 1280 1709 ultimum

172 1755 279 1827 aperte
301 1764 320 1809 a
341 1743 457 1808 verbali
478 1737 616 1825 πράκτης
635 1743 685 1806 vel
705 1740 842 1824 τρακτός
862 1751 966 1807 natum
988 1752 1037 1808 est
1058 1750 1092 1807 nt
1103 1741 1280 1825 κρακτικός,

171 1838 329 1921 τακτικός,
350 1837 530 1925 πληκτικός,
553 1837 715 1924 contextis,
736 1836 875 1922 ἁλτικός,
897 1839 1070 1922 σταλτικός,
1092 1841 1281 1927 φθαρτικός,

173 1934 351 2023 ἀμυντικός,
372 1937 520 2022 ἐρωτικός
542 1946 573 2004 et
598 1940 680 2004 mille
705 1941 889 2022 lrujusmodi.
930 1942 1038 2023 Neque
1063 1943 1158 2007 ullum
1187 1961 1282 2024 repe-

172 2040 250 2103 ritur
270 2041 361 2121 bujus
384 2042 501 2105 lormue
515 2038 708 2122 adjectivum,
731 2041 847 2122 quoda
867 2041 963 2105 verbo
982 2040 1051 2105 duci
1072 2059 1208 2107 necesse
1230 2043 1282 2125 sit,

174 2145 299 2219 praeter
320 2136 402 2220 quod
423 2136 550 2201 l’botius
580 2154 619 2200 eu
638 2139 849 2219 Aristophane
877 2140 964 2202 allert
989 2134 1125 2203 τικτικόν
1151 2134 1190 2204 τὸ
1214 2145 1282 2215 ταῖς

173 2233 350 2311 τικτούσατς
369 2229 532 2316 διδόμενον
553 2229 730 2317 φάρμακον,
754 2254 792 2301 err
804 2254 841 2301 eo
862 2253 976 2317 genere
988 2238 1282 2304 medicamentorum

175 2353 255 2418 quae
276 2330 431 2400 ὥκυτόκια
459 2334 654 2397 vocantur.²⁹
696 2334 758 2399 Sed
790 2337 891 2416 ipsum
919 2341 974 2398 aut
1001 2353 1021 2400 a
1046 2343 1143 2417 poeto
1171 2340 1280 2402 neseio

176 2440 265 2516 eujus
296 2433 534 2517 paronomasioe
568 2432 669 2494 lictum
698 2437 751 2494 aut
778 2449 798 2494 a
826 2432 961 2496 librariis
989 2432 1192 2516 depravatum
1223 2441 1281 2501 esi.

175 2521 413 2615 Prop'ortionem
435 2530 589 2594 adhibenti
611 2529 771 2594 dicendum
788 2537 852 2593 erat
867 2526 1005 2594 τεκτικὸν
1017 2549 1037 2595 a
1049 2528 1164 2611 τεκτός,
1180 2551 1281 2614 quan-

176 2648 265 2711 quam
288 2632 347 2693 boo
369 2646 492 2710 quoque
512 2644 575 2690 non
596 2627 753 2690 meliorem
775 2636 932 2692 auctorem
953 2630 1046 2694 babet
1073 2648 1166 2711 quam
1187 2632 1281 2696 Nice-

175 2736 238 2793 tam
260 2728 366 2793 David.
388 2729 420 2790 in
439 2725 584 2806 Porapbr.
605 2727 676 2789 Arc.
697 2726 745 2789 lll.
768 2725 817 2790 39.
840 2726 886 2790 ed.
908 2728 1041 2791 Drouck.
1062 2721 1104 2792 οὐ
1128 2725 1218 2811 venep
1239 2750 1280 2793 ee

175 2824 248 2903 κτός
269 2850 307 2891 τε.
351 2828 532 2903 Quaerere
555 2825 724 2904 antiquitus
751 2831 878 2904 recepta
907 2842 1004 2906 eaque
1025 2829 1132 2907 specie
1155 2837 1229 2892 sunt
1249 2836 1280 2891 ut

178 2928 321 2993 averbis
343 2925 439 3006 repeti
471 2923 593 3004 possint
619 2922 702 2984 velut
729 2915 870 2999 ἁπτικός,
898 2920 1080 3003 βλαπτικός,
1110 2921 1279 3009 σκεπτικός,

177 3020 414 3105 τροπεμπτικός,
435 3015 598 3103 θρεπτικὸς
620 3025 679 3083 etc.
702 3026 802 3085 tameo
824 3037 842 3082 a
863 3020 1039 3085 verbalibus
1061 3025 1166 3102 potius
1190 3041 1280 3106 repe-

178 3121 268 3185 tenda
291 3137 363 3182 esse
386 3136 476 3200 quam
499 3136 518 3181 a
539 3120 642 3181 verbis
664 3125 793 3198 apparet
815 3135 854 3181 ex
874 3119 933 3183 boc
955 3118 1037 3198 quod
1059 3138 1162 3201 neque
1184 3144 1280 3205 τρεφι-

177 3213 233 3292 nes
253 3217 363 3281 dicitur
384 3232 484 3297 neque
505 3210 652 3295 πεμπικὸς
673 3222 726 3280 aut
746 3211 904 3296 στυφικός,
919 3224 970 3278 aut
986 3217 1067 3281 aliud
1081 3220 1279 3301 simile3nam

179 3311 341 3400 φθειρικός
363 3322 411 3379 est
433 3332 451 3377 a
472 3315 576 3396 φθεὶρ,
597 3328 660 3375 uon
681 3331 699 3376 a
720 3314 850 3395 φθείρω.
892 3315 999 3394 ltaque
1021 3317 1113 3380 etiam
1138 3313 1281 3398 ἀρκτικός

180 3416 219 3479 ab
241 3409 353 3497 ἀρκτός
374 3413 572 3494 declinatum,
595 3405 718 3491 ἀρχικός
738 3430 830 3495 vero,
854 3413 936 3493 quod
958 3415 1082 3478 multum
1105 3414 1224 3500 dillert,
1244 3419 1280 3482 ab

180 3506 273 3595 ἀρχή,
297 3520 327 3576 et
354 3506 506 3594 γραφικός
527 3528 546 3573 a
571 3504 677 3591 γραφή
705 3516 738 3575 ut
765 3503 904 3588 ἄστικός,
933 3505 1094 3594 despectis,
1125 3511 1280 3595 (immede,

179 3608 351 3694 γαστρικός,
372 3605 505 3688 emtum,
528 3604 661 3687 ἐθνικός,
683 3605 827 3689 depende,
849 3606 994 3690 λοιμικὸς,
1015 3609 1169 3692 pudicos,
1198 3637 1280 3678 πανι-

181 3707 247 3793 κὸς,
268 3703 424 3792 σκηνικός,
444 3701 561 3785 ὑλικάς,
582 3700 721 3788 φυτικός,
742 3702 882 3788 poeticos,
903 3705 1033 3789 ψυχικάς
1054 3717 1084 3775 el
1104 3712 1282 3779 inunmera-

246 3946 292 4011 29)
311 3945 355 3998 Bis
373 3944 443 3999 idem
463 3941 531 4010 apud
549 3940 682 3998 Pollucem
699 3941 752 4009 legi
770 3941 876 3995 adnotat
893 3942 1051 3998 Fritzscbius
1072 3943 1105 3999 ud
1124 3946 1280 4018 lbesmopl.

181 4042 206 4080 r.
231 4028 289 4083 504.
313 4026 362 4082 aod
384 4028 412 4082 in
432 4026 460 4085 L.
489 4027 522 4082 lt.
546 4027 572 4080 t.
600 4026 626 4080 iu
648 4023 726 4080 codd.
752 4027 891 4091 omissum,
917 4029 942 4080 itt
967 4026 995 4080 L.
1014 4027 1056 4082 tv.
1076 4029 1136 4086 Μ
1159 4032 1283 4096 textorio

180 4110 304 4178 scriptum
321 4114 369 4165 est.
